4738 6186
257 313 334 388 ott
828 289 1261 418 urtsroctautt
1311 286 1421 376 tta.
1445 291 1547 376 xttt.
1602 295 1734 378 teos.
2200 315 2253 390 aaa

366 477 466 552 llaec
489 475 542 548 illi
566 476 710 546 leuasse
726 469 891 554 afferent,
923 463 1146 554 Hermoloe',
1170 462 1256 538 eha-
1311 463 1402 538 mihi
1427 470 1472 540 de
1501 468 1627 542 studiis
1658 469 1829 542 iudicium
1858 495 1933 542 non
1964 475 2008 548 sit
2026 475 2184 568 ignotum,
2206 485 2252 554 aa

266 589 348 660 riss.
364 585 404 654 in
420 581 658 652 defensionem
673 563 973 658 suae'barbariae,
1002 583 1065 642 aut
1089 596 1157 664 qua
1175 581 1261 640 suut
1311 569 1435 641 literae
1451 595 1536 665 quas
1554 576 1661 642 modo
1676 575 1721 644 ad
1736 597 1794 642 me
1810 575 1959 663 dedisti,
1989 602 2010 648 a
2026 603 2100 650 mea
2120 587 2254 656 sententia

267 687 486 766 subtilitate,
518 681 631 750 multo
649 677 794 746 fortasse
811 673 978 758 meliora,
1004 697 1157 765 quorum
1179 695 1261 742 sen·
1313 673 1483 744 dissidere
1497 673 1683 761 videntur,
1715 687 1835 745 tamen
1850 680 1939 748 adeo
1962 676 2049 750 mihi
2063 706 2131 752 uon
2148 685 2256 758 sumunt

271 791 404 866 tentiae
428 811 493 854 nee
518 805 581 872 ego
608 779 712 872 plane
735 779 884 858 accedo,
920 801 986 846 nec
1008 777 1163 865 ingenuo
1187 774 1264 844 cui·
1313 775 1491 866 ingratae,
1523 789 1564 846 ut
1590 799 1738 867 magnae
1761 779 1867 848 etiam
1883 780 2055 874 voluptati
2076 785 2207 873 luerint,
2229 811 2256 858 co

272 915 380 988 quom
406 903 439 958 et
460 883 599 956 liberali
621 880 856 952 accedendum
883 892 981 970 puto.
1033 876 1105 949 Sed
1124 875 1264 946 exercui
1314 879 1411 971 quod
1442 901 1516 948 non
1539 879 1726 950 obscurem
1754 894 1834 951 tuae
1857 903 1939 972 erga
1961 907 2017 954 me
2038 885 2260 960 bonmolentiae

274 1019 333 1066 rue
357 993 510 1060 libenter
530 987 569 1056 in
593 979 659 1052 hac
680 982 843 1066 materia,
869 995 1035 1082 tanquam
1051 979 1195 1063 infami,
1225 991 1266 1048 ut
1314 977 1607 1070 significationem
1632 975 1775 1056 habent.
1833 981 1915 1054 Nou
1945 985 2039 1056 euim
2065 989 2176 1060 dubito
2195 991 2259 1084 quio

275 1096 338 1190 qui
353 1105 566 1186 quartanum
582 1085 746 1168 laudant,
776 1107 854 1154 cum
869 1099 910 1154 ut
926 1083 1108 1173 ingenium
1123 1081 1266 1172 pericli·
1316 1082 1489 1172 singulari
1510 1105 1590 1172 erga
1614 1107 1671 1153 me
1687 1109 1806 1156 amore
1824 1087 2018 1169 adductus,
2047 1084 2111 1160 hoc
2123 1107 2260 1162 certamen

277 1212 390 1280 taren,
428 1207 505 1262 turn
534 1185 601 1260 hoc
629 1185 816 1270 consilio,'
833 1200 875 1256 ut
896 1186 1007 1256 veluti
1031 1178 1179 1256 Glauco
1206 1183 1267 1251 ille
1316 1185 1530 1266 institueris,
1564 1207 1639 1255 non
1662 1201 1704 1258 ut
1730 1187 1890 1258 inscitiae
1913 1193 2130 1282 quorundam
2144 1195 2260 1285 patroci-

276 1300 372 1392 apud
383 1289 578 1364 Platonem
592 1287 802 1360 iniustitiam
817 1287 957 1374 laudat,
980 1311 1055 1357 non
1071 1288 1181 1375 serio,
1206 1285 1267 1356 sed
1317 1287 1468 1378 nareris,
1500 1287 1561 1360 sed
1578 1300 1618 1358 ut
1634 1313 1690 1358 me
1705 1291 1751 1360 ad
1767 1285 1858 1361 hanc
1874 1292 2064 1378 rationem,
2095 1319 2187 1387 quam
2202 1319 2260 1386 pro·

276 1417 317 1473 ut
341 1401 385 1470 ad
417 1393 539 1466 laudes
569 1391 722 1462 iustitiae
746 1384 932 1460 Socratem
963 1390 1155 1462 extimulet.
1216 1383 1269 1458 tta
1319 1391 1384 1474 bo,
1414 1389 1527 1476 magis
1550 1393 1748 1460 ornandam
1771 1394 1989 1468 accenderes.
2045 1392 2177 1466 Utinam
2194 1421 2261 1479 vero,

277 1527 343 1594 ego
362 1513 402 1570 ut
412 1496 631 1592 eloquentiae
647 1517 785 1562 causam
802 1517 821 1562 a
837 1505 870 1562 te
885 1493 939 1582 agi
951 1494 1112 1576 audiam,
1138 1491 1270 1559 ineam
1319 1485 1420 1570 Pice,
1454 1506 1528 1561 tam
1542 1492 1646 1562 facile
1662 1493 1697 1562 id
1715 1494 1867 1584 possim,
1899 1521 2006 1589 quam
2022 1497 2119 1566 facile
2139 1512 2200 1570 erat
2214 1495 2260 1568 So-

277 1601 443 1682 lieentius
467 1609 685 1689 repugnante
709 1595 888 1686 paulisper
917 1617 1043 1679 sensu,
1076 1607 1181 1686 atque
1206 1613 1272 1659 ua·
1320 1590 1416 1665 crati
1429 1585 1636 1663 Glauconis
1652 1595 1869 1682 orationem,
1902 1598 1966 1690 qui
1988 1597 2148 1669 iustitiam
2161 1601 2260 1691 slope·

278 1725 360 1778 tura
389 1705 549 1772 invectus
580 1723 679 1782 sum,
711 1722 818 1792 quam
842 1697 874 1766 si
895 1697 951 1766 vel
977 1695 1222 1786 negligendam
1252 1715 1272 1760 a
1321 1709 1476 1780 caverat,
1501 1697 1681 1785 refellere3
1706 1697 1777 1768 Sed
1793 1693 1860 1768 hoc
1875 1703 2258 1772 nostrumcertamenioi·

279 1806 448 1880 Barbarie
463 1803 717 1884 existimarem,
743 1823 817 1866 non
832 1799 877 1867 ab
900 1799 972 1868 illis
986 1802 1029 1869 ad
1054 1821 1150 1882 eam,
1176 1796 1273 1888 quod
1323 1822 1392 1890 que
1422 1811 1663 1888 comparatum
1694 1814 1755 1869 est.
1821 1796 1968 1870 Etenim
1997 1827 2076 1872 cum
2095 1799 2258 1896 Eloquentia

282 1933 397 2000 nuper
420 1906 506 1988 feci,
541 1905 584 1973 ad
609 1897 776 1973 Graecos
803 1901 939 1986 literas,
979 1902 1024 1970 ad
1048 1913 1151 1971 tuum
1175 1919 1273 1968 nun·
1323 1900 1472 1970 summis
1489 1901 1710 1993 eloquentiae
1727 1900 1865 1972 viribus
1881 1905 1944 1972 abs
1965 1917 2004 1976 te
2019 1919 2197 1989 accusetur,
2220 1927 2260 1996 pa·

283 2035 392 2106 quam
420 2007 503 2077 satis
526 2007 707 2076 laudatum
725 1997 972 2072 Themistlum
999 2026 1088 2096 pene
1104 2013 1199 2072 totus
1213 2000 1275 2068 de·
1324 2017 1449 2074 tronus
1471 2003 1503 2070 ei
1525 2003 1713 2073 facundior
1735 2006 1875 2075 dandus
1901 2021 1991 2080 erat.
2049 2003 2120 2098 Ego
2139 2019 2259 2078 autema

282 2113 453 2184 iecissem.
515 2107 688 2196 Quamvis
711 2105 826 2174 dicam
858 2105 987 2188 libere,
1025 2106 1123 2200 quod
1150 2101 1276 2186 sentio,
1325 2104 1424 2196 copia
1442 2101 1477 2174 et
1491 2107 1709 2176 ornamentis
1720 2105 1892 2176 orationis
1903 2109 2074 2179 omnibus
2088 2111 2143 2178 abs
2156 2109 2257 2196 telongt

286 2227 431 2284 movent
459 2206 548 2280 mihi
576 2201 794 2278 stomachum
824 2204 1098 2286 Grammatistae
1118 2204 1277 2298 qnidam,
1324 2229 1484 2298 superor.
1532 2204 1653 2294 Quare
1671 2208 1824 2298 optarim
1846 2221 1879 2279 te
1896 2203 1994 2280 hanc
2014 2223 2108 2282 tuam
2121 2211 2181 2280 vim
2193 2223 2257 2302 ape
2309 2257 2310 2268 ι

284 2317 441 2411 quicum
459 2315 545 2382 clareas
560 2311 737 2382 tenuerint
755 2311 1008 2382 vocabulorum
1029 2309 1203 2399 origines,
1227 2305 1277 2376 ita
1326 2310 1523 2380 ubertatem
1539 2309 1576 2377 in
1590 2309 1700 2382 altera
1716 2324 1814 2401 parte
1831 2311 1988 2401 experiri
2003 2314 2166 2386 maluisse.
2202 2311 2256 2382 tn

284 2443 321 2490 se
361 2429 558 2500 ostentant,
605 2415 653 2484 ita
690 2413 896 2498 venditant,
942 2412 993 2484 ita
1023 2410 1279 2482 circumferunt
1326 2406 1418 2482 mihi
1440 2407 1498 2504 (ut
1520 2407 1608 2506 scis)
1633 2413 1767 2484 bellum
1789 2426 1841 2483 est
1863 2414 2005 2508 alioqui
2028 2411 2194 2488 donando
2209 2433 2255 2482 tum

285 2519 509 2602 iactabundi,
538 2532 578 2588 ut
602 2527 743 2607 praese
765 2514 850 2606 ipsis
875 2539 938 2606 pro
962 2511 1079 2584 nihilo
1094 2509 1279 2584 habendos
1328 2509 1492 2583 hostibus
1506 2525 1683 2582 rectorum
1699 2515 1919 2601 studiorum,
1948 2518 2016 2609 qui
2040 2518 2101 2588 etsi
2117 2514 2253 2588 horama·

284 2617 523 2712 Philosophus
555 2619 784 2688 arbitrentur.
855 2616 1051 2697 Nolumus,
1077 2613 1278 2706 inquiunt,
1328 2639 1409 2686 rum
1431 2638 1578 2704 genere,
1611 2641 1682 2709 quo
1709 2631 1749 2687 tu
1770 2618 1900 2702 uteris,
1933 2643 2014 2690 non
2040 2635 2119 2691 snut
2141 2613 2249 2694 instruct}

286 2721 389 2794 hasce
406 2737 537 2792 vestras
554 2713 815 2810 Philosophiae.
867 2716 916 2790 Et
934 2719 1021 2812 quid
1036 2718 1188 2801 mirum,
1214 2737 1280 2784 uec
1328 2731 1448 2791 tamen
1462 2717 1630 2788 acerrime
1646 2731 1806 2808 pugnant
1821 2720 1924 2804 odio,
1957 2719 2160 2811 pertinacia,
2179 2733 2246 2788 unt·

286 2820 495 2896 Falernum
528 2847 646 2892 canes:
691 2823 752 2892 sed
783 2843 848 2890 uos
880 2815 947 2890 hoc
981 2821 1052 2890 fine
1080 2815 1280 2911 Epistolam
1330 2821 1374 2890 lis
1389 2819 1524 2891 artibus
1539 2821 1817 2909 omnisgeneris.
1856 2819 2248 2896 Hosnonvetinutou

286 2929 510 2998 claudamus:
543 2926 570 2991 si
590 2927 695 2993 deciis
712 2924 874 3016 aliquod,
899 2946 1100 3016 nomenque
1114 2921 1181 2990 sibi
1198 2944 1282 3010 pro·
1330 2923 1434 2992 ritate
1449 2922 1606 2992 nominis
1623 2923 1676 2994 tui
1692 2923 1842 3008 armari,
1867 2924 1924 2993 vel
1940 2927 2054 2996 armis
2070 2928 2133 2998 tuis
2147 2927 2248 2994 adventi
2275 2947 2278 2958 ·

288 3042 496 3100 meruerunt
526 3025 678 3096 Barbari
708 3026 779 3110 illi,
813 3025 888 3094 sola
918 3050 1037 3094 rerum
1070 3023 1282 3112 cognitione,
1331 3024 1647 3116 praestantissimas
1662 3039 1753 3096 artes
1767 3025 1906 3099 instrui.
1940 3025 2053 3116 Quod
2070 3030 2099 3106 si
2113 3017 2242 3108 toascopit

287 3157 364 3202 uon
384 3155 456 3200 esse
473 3131 575 3198 facite
591 3130 707 3210 dictu,
742 3151 847 3217 quem
865 3127 1000 3211 locum,
1031 3126 1115 3218 quid
1136 3125 1281 3194 laudum
1331 3125 1517 3196 nobiscum
1533 3126 1777 3213 contraxeris,
1802 3114 2244 3204 confirmareausimoosbrui

286 3248 328 3304 tu
352 3233 420 3303 tibi
448 3231 631 3308 vendices,
667 3227 730 3322 qui
751 3229 797 3296 sis
821 3227 913 3296 intra
940 3222 1180 3318 Philosophos
1208 3224 1283 3293 elo·
1332 3219 1777 3316 tevelutCamilloduce,
1802 3253 1875 3300 mm
1898 3224 2134 3316 Roenonnm,
2154 3215 2250 3316 depulsis

290 3335 560 3427 quentissimus,
588 3333 680 3400 inter
697 3331 920 3422 eloquentes,
945 3344 987 3400 ut
1000 3330 1115 3400 dicam
1134 3321 1284 3410 Graece,
1331 3327 1500 3412 Barbarie
1519 3343 1736 3424 recepturos,
1770 3357 1810 3402 ac
1831 3356 1934 3402 suum
1957 3337 2097 3411 artibus
2115 3319 2254 3404 decosul-

197 3417 201 3446 '
286 3427 605 3533 φιλοσοφώτατος.
655 3425 882 3504 Florentiae.
911 3427 1283 3504 tertioNonaslunias.
1333 3433 1471 3502 dituros
1496 3455 1581 3506 esse.
1631 3429 1708 3524 Ego
1726 3447 1844 3504 tamen
1867 3459 1912 3504 ne
1931 3441 2062 3524 modo,
2087 3443 2256 3508 auttuaett·

288 3533 677 3613 atcccsttxxxt'.
1334 3535 1481 3619 luntati,
1514 3548 1576 3605 aut
1601 3559 1725 3606 causae
1748 3538 1911 3627 publicae
1935 3540 2068 3627 desim,
2101 3534 2218 3608 breviter
2233 3523 2260 3590 td
2298 3503 2304 3532 ⁸

1334 3660 1375 3706 ea
1399 3660 1489 3730 quae
1510 3637 1635 3706 scribis
1655 3641 1888 3730 respondebo.
1939 3638 2035 3712 Nam
2050 3643 2079 3713 si
2093 3647 2263 3712 tantantu-

292 3773 1097 3792 -mfflw
1334 3762 1408 3808 sam
1422 3738 1609 3830 complecti
1633 3755 1742 3812 totam
1766 3742 1914 3822 vellem,
1939 3745 2066 3814 multis
2084 3731 2264 3814 voluminibus

1335 3863 1391 3910 res
1412 3845 1547 3929 agenda
1569 3857 1673 3913 esset:
1710 3840 1813 3932 Quae
1837 3845 1933 3912 enim
1949 3847 2098 3917 materia
2114 3830 2266 3930 locupleti01

305 3929 372 4012 No.
390 3937 503 4012 6658.
1127 3976 1176 3992 ·-
1202 3971 1250 3986 ···
1336 3943 1483 4012 existere
1505 3954 1634 4034 potest,
1667 3969 1774 4037 quam
1804 3945 1921 4016 dicere
1945 3947 2175 4038 de⁰dignitate
2199 3949 2266 4024 atque

299 4037 511 4070 ww
1104 4027 1277 4058 Μ
1337 4045 1489 4116 utilitate
1504 4041 1763 4140 Eloquentiae?
1794 4061 1971 4140 quantum
1989 4049 2028 4120 in
2042 4041 2237 4138 religionibus
2246 4051 2269 4100 tc

419 4139 638 4251 Respona.
663 4137 732 4222 ad
762 4135 926 4224 Picum
957 4135 1164 4223 Miranti.
1336 4146 1486 4239 reliquis
1506 4148 1642 4216 artibus
1665 4173 1827 4218 errorum
1847 4144 1913 4218 hac
1937 4175 2011 4222 una
2033 4177 2074 4222 er
2097 4174 2131 4220 re
2153 4132 2268 4216 excitat.

361 4299 483 4360 thilen,
508 4307 535 4350 e,
554 4297 582 4352 ὴ,
601 4297 644 4354 ed.
662 4297 750 4356 bont.
770 4297 818 4354 pb·
832 4299 854 4352 1.
874 4313 916 4368 ep.
932 4295 990 4352 ¹35·
1338 4251 1434 4342 quod
1451 4249 1593 4318 dicendi
1608 4251 1872 4324 exercitationes
1896 4254 2074 4342 neglectae
2094 4265 2184 4344 atque
2198 4244 2270 4310 inter·

1338 4350 1462 4420 missae
1494 4351 1599 4420 sont?
1647 4349 1788 4422 Deinde
1817 4357 1913 4447 quod
1944 4356 2053 4428 fuerit
2080 4353 2270 4451 argumentati

774 4453 817 4526 B.
1337 4453 1501 4531 uberius,
1543 4476 1649 4546 quam
1683 4455 1712 4524 si
1743 4456 1886 4526 collatio
1916 4457 2155 4528 institueretur
2186 4455 2272 4514 vetent

1338 4549 1590 4641 Philosophiae
1613 4570 1647 4626 et
1670 4550 1906 4648 huius-nuper
1921 4575 2025 4630 natae
2039 4545 2273 4653 Sycophanticaa

1339 4679 1444 4748 quam
1474 4653 1622 4726 Barbari
1650 4659 1707 4729 isti
1739 4683 1804 4750 pro
1833 4654 2067 4752 Philosophia
2095 4636 2274 4751 profitentur?

589 4845 593 4851 ,
1339 4755 1457 4851 dique
1479 4753 1583 4838 haec,
1623 4761 1653 4829 si
1681 4763 1825 4854 quaudo
1849 4786 1971 4834 rursus
1994 4765 2110 4834 ocium
2128 4745 2273 4856 mihilltff·

294 4853 607 4940 Cumvideremte
618 4860 818 4932 incredibili
834 4859 1115 4954 quodamstudio
1126 4861 1286 4930 omnium
1340 4861 1438 4952 publ.
1467 4861 1650 4948 concedet,
1701 4863 1886 4935 instituere
1921 4866 2073 4937 decrevi.
2118 4858 2218 4930 'Nunc
2240 4845 2275 4910 tl·

297 4971 511 5060 optimarum
530 4965 659 5034 artium
676 4965 901 5053 flagrantem,
928 4964 972 5030 ad
981 4961 1144 5032 usitatam
1155 4962 1288 5032 doctri-
1340 4963 1434 5032 luam
1458 4967 1627 5056 quaedam
1651 4967 1840 5058 praecipua
1864 4982 2069 5057 argumenta
2088 4953 2275 5046 tuaetpiae

227 5157 241 5172 ‚
297 5094 381 5142 narn
403 5081 465 5139 tua
485 5081 610 5159 sponte
633 5079 786 5136 veterem
803 5057 1072 5155 Philosophiam
1094 5075 1199 5157 atque
1213 5063 1289 5133 elo·
1341 5065 1410 5147 lae,
1442 5053 1799 5159 nontanquamcum
1823 5067 2212 5140 adversariodimicans‚
2235 5043 2275 5116 διά

297 5171 478 5266 quentiam
497 5170 708 5258 attiungere,
746 5167 870 5257 scripsi
885 5189 1000 5258 nuper
1017 5165 1061 5234 ad
1078 5179 1131 5247 te,
1159 5167 1288 5236 barba·
1340 5163 1429 5240 ἄνευ
1451 5165 1610 5246 ποθοῦν,
1649 5169 1745 5240 velut
1781 5185 1895 5242 terum
1929 5171 2162 5242 confabulans.
2212 5150 2274 5222 (2⁰¹⁰

298 5297 358 5344 ros
376 5265 614 5362 Philosophus
633 5271 855 5359 vituperans,
887 5269 944 5338 vel
964 5281 1004 5338 ιιι
1031 5281 1064 5338 te
1081 5269 1126 5336 ad
1143 5268 1287 5337 meliora
1339 5282 1455 5338 autem
1475 5269 1513 5336 in
1527 5269 1688 5339 oratione
1704 5287 1763 5342 tua
1777 5273 1930 5344 duosiut
1943 5273 2012 5342 loci
2025 5263 2200 5364 praecipui,
2219 5265 2273 5322 ⁰³¹⁰

300 5375 416 5446 studia
433 5373 613 5442 incitarem
629 5361 859 5454 σπεύδοντα,
893 5385 931 5440 ιιι
947 5369 1018 5440 dici
1034 5371 1143 5458 solet,
1173 5371 1290 5440 velut
1340 5385 1373 5440 et
1388 5371 1585 5442 absolutam
1602 5396 1721 5442 rerum
1736 5375 1916 5444 scientiam
1933 5373 2099 5444 Barbaris
2115 5361 2229 5440 tribuit,
2253 5355 2273 5412 ‘¹

294 5475 495 5569 gratularer
509 5475 552 5544 ad
569 5473 700 5564 optima
717 5471 889 5544 tendenti.
939 5469 1063 5566 ltaque
1085 5495 1165 5542 cum
1187 5485 1288 5542 tuum
1340 5474 1524 5540 contendis
1548 5473 1627 5543 iure
1654 5498 1712 5544 eos
1736 5473 1995 5568 Eloquentiam
2028 5481 2207 5566 aspernatos
2221 5471 2273 5526 estc,

295 4605 502 4702 Responsio
542 4599 766 4703 Philippi
802 4598 1032 4676 Melontb.
1069 4628 1138 4700 pro
1171 4603 1288 4678 Her.

711 4702 875 4780 motae,
