4718 6176
90 295 165 370 165
206 349 211 357 -

87 461 261 540 omnibus
283 461 490 538 dulcissima
509 465 702 549 sententia,
727 465 857 558 scripta
874 457 931 534 his
948 462 1083 562 serbis:

83 565 172 642 Esto
198 561 369 660 orphano
391 582 506 662 pater:
537 585 623 643 tunc
638 571 738 642 Deus
759 569 872 661 magis
893 579 927 639 te
949 564 1084 658 diliget,

84 696 196 767 quarn
222 670 342 762 diligit
365 683 401 740 te
422 685 534 742 mater
555 687 626 746 tua.
678 669 777 762 Quid
795 683 910 764 potest
922 667 1085 763 promitti

83 776 205 846 maius
227 797 351 844 amore
366 769 434 843 Dei
454 787 555 844 tanto
579 796 768 868 erga-nos,
794 773 857 868 qui
873 771 994 844 vincat
1007 793 1084 840 ma-

83 891 229 948 ternam
260 869 444 973 στοργὴν,
483 899 574 970 quae
602 890 654 948 est
676 874 949 947 ardentissima?
1006 871 1084 943 Hac

84 977 234 1050 invitati
259 977 497 1070 promissione
517 979 733 1071 amplissima
751 977 921 1050 libentius
938 977 1084 1047 beneia-

85 1083 224 1152 ciamus
244 1073 421 1171 orphanis
440 1079 625 1166 modestis,
647 1081 735 1174 piis,
759 1094 795 1154 et
810 1075 968 1152 honestis
982 1078 1081 1148 labo·

86 1185 187 1255 ribus
223 1181 368 1252 deditis.
432 1177 544 1254 Datae
571 1180 827 1276 Witebergae,
864 1180 941 1256 Cal.
975 1178 1084 1266 lunii.

87 1285 198 1358 Anno
218 1281 333 1357 1557.
950 1325 953 1334 ·

316 1379 506 1480 Philippus
519 1381 734 1458 Melanthea
751 1411 861 1460 manu
877 1385 1033 1482 propria.

966 1721 1083 1800 1.lun.

943 1821 1081 1848 Μ

104 1726 166 1802 No.
180 1727 285 1798 6161.

109 1825 313 1864 m

386 1891 791 2008 (Goanmendatio.)
821 1905 825 1912 '

154 2055 376 2198 biplpaliliffarpap.
394 2077 421 2130 p.
433 2053 519 2114 67οὓ.
546 2054 613 2112 tnm
626 2056 655 2114 iu
666 2055 768 2128 Script.
781 2055 857 2129 publ.
874 2055 956 2116 aad.
970 2055 1085 2116 Witeb.

129 2289 173 2362 S.
194 2285 241 2360 D.
269 2283 482 2358 omnibus
509 2281 699 2356 lecturis
725 2278 1025 2359 hastiterns.

86 2411 207 2498 Scitis
231 2419 365 2492 multos
382 2420 459 2514 pios
476 2433 630 2513 pastores
647 2435 737 2490 recte
754 2424 918 2494 docentes
934 2447 1014 2494 cum
1030 2425 1083 2494 ta·
1109 2453 1112 2472 >

85 2527 199 2596 nciliis
217 2523 384 2616 expulsos
399 2545 472 2593 csse
486 2519 512 2616 ¹)
530 2546 570 2591 ex
587 2523 763 2592 limitibus
776 2517 986 2596 Bohemiae:
1014 2550 1083 2620 qua

87 2631 120 2698 ia
147 2653 190 2698 re
211 2622 286 2696 hoc
308 2648 450 2720 quoque
466 2625 810 2726 doloremomnibus
824 2651 951 2720 augere
966 2630 1083 2714 debet,

87 2733 184 2826 qarod
202 2729 347 2798 laudata
362 2723 604 2797 Bolsemorum
620 2729 737 2814 natio,
768 2753 858 2822 quae
876 2729 964 2800 olim
979 2744 1013 2800 et
1026 2755 1083 2800 sa-

87 2838 232 2924 pienter
252 2844 287 2901 et
307 2830 363 2921 pie
377 2852 513 2899 errores
530 2827 736 2900 Pontificius
753 2833 901 2919 taxavit,
930 2847 964 2903 et
979 2833 1083 2904 forti-

90 2953 140 3008 ter
159 2932 276 3006 annis
300 2931 460 3004 defendit
475 2928 652 3004 Ecclesiae
665 2947 758 3003 recte
773 2935 960 3020 docentes,
986 2959 1082 3006 nunc

91 3041 187 3110 ridet
210 3033 437 3126 gementibus
457 3033 580 3104 multis
594 3033 681 3126 piis,
707 3037 861 3106 exerceri
878 3031 970 3108 hanc
983 3062 1082 3129 aspe-

92 3143 234 3212 ritatem
248 3161 269 3208 a
286 3134 425 3229 paucis,
448 3137 510 3230 qui
527 3137 709 3208 veritatem
723 3139 962 3226 manifestam,
985 3141 1082 3234 quod

98 3245 240 3320 scimus,
284 3250 409 3310 contra
442 3237 692 3309 conscientiam
725 3262 826 3310 suam
865 3255 1083 3335 oppugnant.

104 3343 228 3433 blagno
250 3355 369 3414 autern
385 3363 465 3410 cum
484 3341 609 3410 dolore
625 3337 721 3412 hunc
734 3365 853 3414 senem
870 3339 1084 3430 Illicolanm,

111 3458 234 3535 patrem
247 3443 410 3538 quinque
426 3441 582 3512 filiorum
597 3455 633 3514 et
647 3443 800 3514 duarum
818 3445 993 3533 tiliarum,
1019 3472 1083 3518 au-

111 3546 253 3616 divimus
264 3542 295 3642 ²)
315 3547 410 3617 inter
432 3557 585 3615 caeteros
608 3544 646 3612 in
671 3539 737 3616 hac
758 3561 917 3628 senecta,
951 3561 1082 3619 etcum

105 3651 223 3720 misera
253 3647 390 3718 familia
415 3668 456 3717 ex
480 3644 593 3716 limite
614 3643 807 3738 Bohemico
831 3650 973 3741 pulsum
998 3673 1083 3720 csse.

99 3753 216 3842 Quare
240 3771 383 3822 oramus
407 3771 529 3818 omnes
553 3747 616 3843 qui
641 3748 777 3844 aliquid
800 3749 833 3821 ei
857 3751 980 3842 largiri
1003 3775 1084 3843 pos-

95 3869 194 3942 sunt,
232 3868 274 3926 ut
305 3849 444 3948 aliquid
475 3851 520 3922 ad
553 3849 720 3923 viaticum
754 3851 865 3946 ipsius
890 3854 1085 3928 conserant.

92 3957 343 4032 Certissimuxn
374 3965 443 4038 est,
484 3949 600 4024 Deum
631 3965 775 4048 propter
802 3949 889 4027 hacc
916 3955 1085 4028 beneficia

89 4082 228 4156 poenas
243 4056 402 4151 publicas
415 4069 449 4126 et
463 4053 617 4148 privatas
631 4055 808 4149 mitigare:
830 4073 865 4130 ct
876 4051 968 4130 hanc
981 4059 1086 4129 fidem

87 4168 126 4238 in
150 4159 223 4234 hac
246 4155 478 4230 beneficentia
502 4181 734 4232 exerceamus.
785 4155 897 4234 Datae
916 4157 1087 4234 Calendis

27 4308 36 4335 e
88 4253 395 4354 lunll,1558.·)

617 4355 805 4456 Philippus
820 4359 1035 4439 Melanthon

679 4485 788 4538 manu
807 4468 962 4562 propria.

941 4621 953 4646 e

81 4665 1084 4707 m

96 4809 173 4881 No.
187 4801 302 4882 6262.
960 4811 998 4892 (b
1023 4812 1062 4889 t.)

90 4901 316 4940 hm
945 4903 1085 4934 snm

364 4987 517 5076 Ioncb.
548 4987 825 5078 camerario.
975 5113 991 5124 ..
1058 5115 1061 5124 1

164 5137 298 5232 Epist.'ed
315 5149 423 5208 Censen
442 5168 471 5224 p.
482 5131 586 5230 min.
605 5151 661 5221 (ed.
675 5142 764 5210 bend.
778 5150 832 5227 lib.
845 5149 892 5230 ΙΥ.
912 5123 1068 5228 eptttaf

94 5261 328 5300 -········‘'5
431 5274 437 5285 ¹

128 5333 158 5396 tl
175 5325 251 5394 ease]
268 5338 329 5416 nnn
342 5319 442 5376 hbent
457 5317 575 5390 seipse

127 5419 158 5480 2)
176 5409 269 5470 Meni.
285 5409 431 5462 auditam·
591 5441 596 5452 .

129 5499 160 5572 8)
180 5497 291 5568 §uim
300 5491 401 5558 blunt
412 5505 477 5546 mna
485 5487 567 5545 1661.
596 5526 600 5539 .

660 282 1097 372 EPISTULARUM
1147 286 1382 369 utnxttr.
1436 287 1567 371 1661.

2058 309 2130 384 166

1137 450 1366 534 Glarissimo
1393 461 1471 536 viro
1496 447 1683 564 sapientia
1710 467 1913 548 eruditione
1939 484 1972 549 et
1999 476 2129 554 virtute

1135 566 1347 663 praestanti
1363 561 1616 690 Ioncltimo·
1629 566 1903 692 Camerario
1918 580 2046 680 fratri
2059 607 2128 658 sua

1532 697 1738 760 carissimo,

1137 801 1186 892 S.
1210 813 1254 892 D.
1307 819 1413 912 Quod
1433 821 1589 896 faustum
1605 839 1641 898 ct
1660 828 1743 902 felix
1758 829 1825 918 sit,
1849 831 1981 908 iamed
2000 833 2125 934 hyme-

1136 943 1266 990 naeum
1280 915 1413 992 Bustii
1420 919 1443 1017 ¹)
1459 927 1727 1016 proficiscimur.
1765 931 1849 1006 ldeo
1865 961 1911 1008 ne
1926 943 2027 1030 potui
2043 943 2125 1038 qui·

1137 1023 1217 1092 dem
1232 1025 1342 1095 multa
1360 1025 1525 1108 scribere,
1546 1033 1683 1103 tametsi
1699 1033 1799 1106 littus
1814 1035 2028 1112 Saxonicum
2042 1047 2126 1116 satis

1137 1141 1427 1212 argumentorum
1443 1134 1656 1222 suppeditat.
1709 1133 1831 1210 Audio
1843 1136 2036 1214 Danicum
2051 1145 2126 1220 Re-

1138 1248 1235 1316 gem,
1263 1225 1398 1300 Ducem
1413 1225 1761 1329 Megapolitanum,
1793 1244 1899 1314 urbes
1923 1243 2125 1335 Saxonicas,

1137 1327 1308 1422 missuros
1322 1331 1470 1424 Legatos
1484 1337 1528 1404 ad
1546 1335 1717 1410 Senatum
1734 1339 1980 1434 Bremensem‚
2005 1373 2046 1422 ac
2060 1373 2125 1442 po-

1138 1431 1348 1515 stulaturos,
1383 1451 1424 1507 ut
1440 1433 1614 1510 Albertus
1635 1441 1787 1532 pellatur
1804 1441 1846 1538 ²).
1895 1450 2040 1522 Deinde
2057 1451 2126 1550 sy-

1139 1535 1275 1605 nodum
1290 1535 1488 1612 indicturos
1498 1536 1537 1636 ³),
1562 1555 1597 1612 et
1609 1567 1702 1616 nova
1718 1547 1856 1619 decreta
1870 1549 2026 1626 tacturos
2042 1579 2127 1630 esse.

1139 1633 1248 1708 Vides
1264 1641 1423 1732 exempla
1438 1656 1596 1714 veterum
1614 1659 1814 1740 temporum
1835 1664 1872 1722 et
1886 1651 2126 1747 Synodorum,

1137 1730 1298 1810 Pellitur
1321 1765 1339 1812 e
1360 1739 1481 1815 medio
1495 1743 1702 1842 sapientia,
1729 1748 1920 1845 vigeretur
1935 1777 2003 1832 res.
2052 1758 2124 1832 Sed

1137 1865 1321 1934 precemur
1348 1846 1462 1918 lilium
1487 1843 1575 1935 Dei,
1606 1847 1801 1924 Dominum
1823 1868 1983 1928 nostrum
2009 1857 2125 1932 Iesum

1136 1940 1337 2034 Christum,
1361 1966 1402 2021 ut
1416 1973 1482 2020 nos
1493 1953 1679 2041 gubernet,
1704 1953 1910 2048 impendent
1926 1961 2023 2030 enim
2039 1957 2126 2032 hon·

1136 2051 1268 2118 rendae
1281 2051 1517 2134 confusiones,
1544 2069 1578 2126 et
1592 2057 1672 2127 tetri
1688 2057 1836 2134 furores.
1886 2061 1972 2133 Non
1986 2077 2126 2136 tanturn

1136 2152 1306 2241 temporis
1319 2155 1489 2238 brevitas,
1511 2159 1571 2225 sed
1590 2158 1696 2228 etiam
1709 2162 1816 2232 dolor
1832 2177 1924 2236 vetat
1942 2167 2044 2257 plura
2061 2170 2127 2238 ad-

1136 2251 1252 2322 iicere.
1302 2253 1401 2325 Bene
1422 2271 1456 2328 et
1477 2258 1627 2330 feliciter
1651 2263 1748 2341 vale,
1784 2287 1864 2334 cum
1888 2261 2042 2339 Ecclesia
2063 2285 2124 2342 tua

1136 2355 1326 2428 domestica
1355 2372 1391 2429 et
1421 2358 1580 2451 Publica:
1622 2363 1668 2432 de
1693 2368 1801 2436 domo
1823 2368 2007 2461 respondit
2024 2395 2125 2443 mens

1135 2479 1252 2546 gener.

1873 2565 2073 2666 Philippus.

1134 3005 1200 3077 No.
1216 3003 1331 3084 6265.

1141 3100 1313 3134 w

1432 3209 1529 3297 Nic.
1556 3209 1824 3326 Agricolae.

1205 3389 1230 3458 †
1246 3385 1385 3464 Exapogr.
1398 3389 1427 3446 in
1439 3388 1502 3448 cod.
1516 3389 1656 3466 PerinJ).
1670 3389 1701 3447 1..
1714 3392 1775 3448 w.

1136 3553 1362 3636 Clarissima
1378 3563 1474 3656 viro,
1501 3559 1704 3636 eruditione
1719 3573 1750 3636 et
1765 3564 1894 3636 virtute
1905 3568 2126 3664 praestanti,

1136 3660 1346 3736 Nicolao
1372 3661 1645 3760 Agricolae,
1680 3661 2125 3758 docentiadoleseentiam
2233 3655 2240 3675 '

1138 3767 1178 3838 in
1212 3764 1355 3862 inclyta
1382 3767 1469 3838 urbe
1494 3773 1667 3885 Angusta
1692 3763 1847 3842 Tiberia
1863 3767 1920 3869 ³),
1948 3769 2123 3871 fratria.

1569 3892 1699 3946 cartes.

1139 4011 1187 4101 S.
1210 4019 1256 4096 D.
1307 4021 1520 4096 Doctissime
1537 4015 1715 4108 Nicoloe,
1746 4035 1781 4094 et
1804 4023 1983 4096 carissime
2007 4027 2125 4105 trater.

1140 4126 1185 4200 Et
1210 4127 1399 4198 consilium
1424 4141 1524 4196 tuum
1544 4141 1577 4196 et
1594 4126 1791 4200 orationem
1806 4129 1930 4217 probo.
1981 4125 2071 4199 Nam
2093 4147 2126 4201 et

1140 4229 1243 4301 nobis
1259 4243 1293 4300 et
1306 4228 1562 4300 adolescentiae
1578 4227 1665 4300 utile
1681 4241 1751 4312 est,
1782 4229 1972 4299 accendere
1988 4231 2126 4301 animos

1141 4337 1182 4406 ad
1209 4331 1458 4423 cogitationem
1493 4343 1528 4401 et
1554 4329 1873 4402 considerationem
1900 4331 1945 4400 de
1972 4333 2125 4425 publicis

1141 4435 1307 4527 periculis
1326 4448 1361 4505 ct
1382 4433 1641 4503 calamitatibus
1664 4445 1699 4503 et
1721 4433 1765 4501 de
1790 4455 1911 4502 earum
1933 4432 2065 4514 causis,
2092 4449 2126 4504 et

1141 4536 1333 4608 exsuscitare
1353 4549 1490 4606 mentes
1513 4537 1557 4605 ad
1581 4533 1817 4624 precationem
1841 4535 1932 4603 etad
1949 4533 2124 4626 pietatem.

1141 4637 1218 4711 Etsi
1235 4653 1352 4710 autem
1367 4659 1440 4708 non
1457 4637 1560 4707 multi
1578 4631 1634 4706 his
1650 4635 1829 4706 nostriset
1844 4635 2076 4707 concionibus
2092 4653 2126 4709 et

1141 4741 1309 4835 exemplis
1337 4755 1543 4825 moventur,
1581 4739 1719 4832 aliquos
1744 4749 1862 4807 tamen
1886 4759 1971 4808 voce
1995 4735 2126 4810 docen-

1141 4847 1230 4916 tium
1258 4845 1303 4915 ad
1338 4836 1431 4922 hanc
1457 4865 1578 4914 curam
1604 4837 1701 4912 Deus
1735 4839 1855 4914 flectit.
1914 4833 2125 4912 Orationem

1148 5014 1358 5032 Q*

1176 5127 1204 5196 1)
1222 5119 1353 5181 loaebixni
1365 5139 1380 5175 a
1392 5119 1484 5188 Baust,
1510 5113 1577 5174 lCti.
1613 5113 1645 5169 0.
1657 5109 1717 5169 W.
1872 5167 1877 5176 ‚
2044 5149 2045 5154 ,

1174 5225 1203 5296 2)
1225 5224 1287 5282 vid.
1310 5225 1426 5292 blond
1456 5207 1543 5287 Gelli.
1567 5204 1611 5275 let
1637 5215 1739 5284 potet.
1759 5211 1895 5295 telletum.¹
1912 5209 1943 5269 Ρ.
1962 5211 1995 5268 v.
2022 5211 2084 5268 Vol.
2100 5212 2126 5268 t.

1208 5313 1236 5365 p.
1247 5293 1300 5348 111
1310 5311 1350 5364 sq.
1385 5289 1520 5362 loquitur
1532 5287 1566 5343 de
1581 5284 1693 5342 liberto
1710 5281 1923 5354 lindenbergra.

1173 5395 1202 5465 6)
1221 5395 1388 5466 Lnueburgi.
1411 5391 1443 5449 C.
1456 5389 1516 5446 W.

1173 5499 1202 5571 *t
1222 5500 1277 5556 ie.
1295 5495 1470 5556 llatisbonae.

1473 5559 1565 5645 11*
