4690 6206
209 380 340 460 toss-

201 557 361 630 Boiemia
388 545 618 629 etMoravia,
654 539 811 630 legibus,
840 535 1002 620 iudiciis,
1037 535 1200 618 urbibus,

203 661 391 753 disciplina
416 651 530 735 civili,
568 644 760 727 doctrinis,
800 640 889 708 {lore
922 637 1132 708 Nobilitatis
1165 652 1200 708 et

202 789 271 838 usu
285 760 434 832 militiae
452 751 598 824 caeteris
616 748 781 838 gentibus
801 741 992 815 antecellit.

303 861 368 934 Est
391 873 507 931 autem
525 855 617 924 *ttrbs
638 843 881 918 Litomerteia
909 845 946 911 in
974 842 1074 912 aditu
1091 839 1198 911 Boie·
1270 843 1273 850 “

206 969 297 1038 miae
314 967 378 1036 sita
396 965 439 1033 ad
458 956 576 1028 Albim
595 957 632 1022 in
649 953 726 1020 loco
744 947 863 1019 fertili.
917 943 959 1014 ln
975 969 1014 1014 ea
1029 947 1118 1016 urbe
1133 968 1199 1012 na·

207 1086 264 1142 tus
285 1083 335 1138 est
357 1092 397 1134 ex
423 1059 580 1132 honestis
603 1053 810 1146 parentibus
833 1042 1082 1120 Wenccslaus
1098 1039 1144 1116 F
1139 1056 1198 1114 o'r-

207 1166 337 1242 mancis
346 1168 372 1266 ¹)
381 1220 392 1253 ,
431 1164 587 1258 quicum
606 1156 673 1228 Dei
688 1153 856 1222 beneficio
879 1175 987 1242 capax
1005 1150 1050 1219 sit
1067 1149 1199 1218 doctri-

207 1299 355 1347 narum,
395 1271 441 1340 ita
466 1263 593 1336 didicit
617 1255 779 1328 Latinam
803 1255 962 1344 linguam
996 1253 1034 1320 in
1066 1253 1200 1344 oppido

208 1376 414 1470 Mysorum,
450 1370 545 1460 quod
571 1362 778 1432 nominatur
801 1349 1105 1438 MonsMars'oe,
1137 1353 1200 1422 ubi

210 1477 353 1550 auditor
368 1475 436 1544 fuit
453 1467 592 1539 honesti
613 1478 647 1533 et
662 1455 794 1530 eruditi
821 1458 890 1527 viri
906 1449 1077 1524 Mateta·
1094 1449 1202 1523 Polc-

146 1561 150 1570 ’
212 1582 265 1665 ri,
299 1563 339 1648 ut
361 1575 488 1646 Latine
511 1582 604 1640 recte
629 1565 760 1634 scribat
777 1561 929 1630 solutam
945 1558 1144 1628 orationem
1168 1570 1203 1628 et

210 1669 362 1754 car'men.
417 1676 555 1746 Deinde
574 1671 612 1738 in
637 1663 827 1736 Academia
848 1676 968 1731 nostra
984 1661 1122 1730 circiter
1138 1683 1202 1727 an·

210 1807 276 1854 nos
293 1793 445 1876 quatuor
459 1784 697 1846 contmoratus
713 1781 786 1850 est,
818 1765 881 1835 ubi
896 1762 1072 1852 Linguam
1090 1759 1202 1831 Grae-

211 1911 286 1957 cam
304 1900 337 1954 et
353 1883 455 1952 initia
471 1867 724 1964 Philosophiae
739 1868 897 1939 studiose
914 1866 1066 1938 didicit..
1092 1861 1202 1934 Cum-

211 2011 279 2082 que
303 1987 407 2065 sciat,
441 1981 604 2052 conditos
631 1997 704 2044 esse
727 1967 891 2040 homines
919 1969 964 2037 ad
986 1966 1203 2058 agnitionem

210 2089 285 2159 veri
312 2086 396 2170 Dei,
429 2109 495 2154 nec
529 2081 633 2151 aliter
664 2073 740 2145 lieri
771 2068 934 2143 homines
958 2069 1139 2140 domicilia
1168 2081 1204 2138 et

211 2192 342 2283 templa
361 2186 450 2272 Dei,
488 2183 558 2253 nisi
575 2177 787 2269 cogitatione
805 2173 987 2244 doctrinae
1004 2198 1022 2240 a
1038 2169 1114 2241 Deo
1132 2183 1204 2241 tra-

211 2295 325 2376 ditae,
364 2313 491 2380 magna
522 2309 603 2356 cura
632 2281 829 2350 doctrinam
856 2273 1035 2345 Ecclesiae
1060 2273 1203 2354 didicit,

119 2407 125 2420 '
212 2398 256 2465 de
280 2419 350 2488 qua
367 2393 437 2484 pie
464 2401 498 2460 et
522 2395 724 2456 constanter
750 2379 975 2472 amplectitur
993 2398 1203 2446 consensum

210 2494 415 2568 Catholicae
429 2489 609 2563 Ecclesiae
624 2481 777 2568 Christi,
809 2503 913 2575 quem
931 2493 964 2588 et
979 2503 1045 2549 nos
1062 2478 1204 2582 profite-

210 2623 310 2682 mur,
342 2613 376 2670 et
392 2591 560 2665 abhorret
582 2591 626 2662 ab
641 2585 809 2658 oscinibus
829 2583 990 2652 fanaticis
1007 2595 1041 2651 et
1058 2579 1204 2680 seditio-

212 2703 258 2771 sis
283 2699 531 2792 opinionibus,
564 2719 603 2764 ac
628 2687 738 2760 animi
765 2689 930 2780 pietatem
953 2685 1204 2776 declaravere

211 2803 437 2872 invocatione
459 2797 528 2869 Dei
552 2797 590 2864 in
615 2792 797 2886 agnitione
820 2803 854 2858 et
874 2787 1003 2856 fiducia
1026 2783 1203 2856 Mediato-

212 2905 282 2990 ris,
317 2919 351 2974 et
376 2899 522 2972 honesta
551 2922 690 2968 morum
715 2891 993 2984 gubernatione,
1027 2888 1089 2982 qui
1108 2886 1146 2956 iu
1164 2911 1203 2956 eo

212 3021 385 3098 reguntur
409 3029 482 3074 non
505 3003 619 3072 solum
646 3011 792 3068 naturae
815 2989 1078 3070 moderatione,
1114 3012 1204 3084 quae

211 3125 330 3180 tamen
346 3121 381 3178 et
396 3109 469 3199 ipsa
486 3103 613 3175 eximia
627 3115 696 3184 est,
723 3099 783 3182 sed
799 3097 903 3166 etiam
919 3119 939 3164 a
954 3091 1026 3161 tilio
1043 3089 1110 3160 Dei
1126 3091 1204 3161 luce

211 3208 399 3300 Evangelii
416 3225 449 3280 et
464 3208 602 3299 Spiritu
617 3195 758 3274 Sancto.
811 3195 901 3267 Cum
928 3195 1038 3283 igitur
1052 3216 1130 3284 spes
1149 3194 1204 3276 sit,

212 3310 290 3384 Deo
321 3315 481 3394 iuvante,
521 3305 705 3396 ingenium
744 3297 850 3369 huius
880 3295 1089 3365 Wenceslai
1123 3294 1204 3364 usui

212 3417 290 3484 fore
310 3411 487 3483 Ecclesiae
513 3409 598 3493 Dei,
631 3405 839 3476 commendo
863 3422 943 3467 eum
967 3410 1000 3468 et
1021 3421 1085 3466 suo
1100 3396 1205 3488 patri,

214 3531 248 3587 et
264 3515 343 3586 aliis
361 3511 518 3585 honestis
535 3512 638 3594 viris,
672 3521 707 3578 et
722 3531 785 3576 oro
803 3527 880 3580 eos,
911 3513 951 3570 ut
968 3513 1114 3590 propter
1134 3497 1206 3568 uti-

212 3617 348 3689 litatem
373 3617 551 3710 publicam
575 3613 690 3684 studia
714 3611 790 3678 eius
815 3603 998 3677 adiuvent.
1058 3599 1203 3671 Utinam

213 3723 300 3790 tales
315 3717 491 3790 Ecclesiae
509 3714 685 3808 plantulas
700 3711 750 3802 pii
766 3707 1033 3779 Gubernatores
1054 3715 1088 3774 et
1105 3704 1204 3773 sove-

213 3837 294 3893 rent
308 3837 342 3894 et
359 3824 589 3892 defenderent
604 3828 726 3888 contra
751 3807 869 3884 hostes
892 3808 1073 3876 literarum
1093 3819 1127 3875 et
1144 3830 1205 3874 ve-

212 3925 337 4000 ritatis.
373 3919 451 3994 Oro
468 3937 582 3992 autem
598 3919 711 3988 lilium
722 3913 808 3999 Dei,
831 3908 1026 3982 Dominum
1044 3922 1203 3978 nostrum

212 4025 327 4096 lessam
351 4022 549 4106 Christum,
584 4037 625 4094 ut
646 4017 741 4088 httnc
759 4012 1016 4084 Wenceslaum
1033 4011 1205 4099 gubernet

214 4145 249 4200 et
271 4131 374 4200 iaciat
401 4153 481 4196 eum
505 4131 635 4205 σκεῦος
655 4120 775 4198 ἐλέους
799 4133 834 4190 et
855 4137 1027 4204 organum
1053 4113 1204 4180 salutare

214 4255 296 4304 suae
325 4229 463 4299 animae
497 4243 531 4298 et
560 4229 650 4300 aliis.
709 4221 819 4292 Datae
844 4217 953 4296 Anno
975 4211 1087 4287 1560.
1137 4211 1204 4282 Die

209 4336 272 4411 25.
290 4331 473 4405 Februarii
487 4329 524 4428 ²).

737 4423 924 4516 Philippus
940 4413 1152 4490 Melanthea

687 4519 691 4528 ’
802 4551 910 4596 cnanu
929 4521 1085 4615 propria.

250 4759 280 4822 1)
299 4751 487 4809 Fuhrmunn?
512 4745 559 4800 Uti
581 4763 614 4798 ue
628 4741 668 4796 sie
683 4742 797 4795 sortasse
811 4737 971 4811 legendum,
989 4754 1073 4807 quum
1092 4731 1203 4786 Clarias.

282 4817 521 4893 Morgensternius
531 4763 591 4870 hi.
604 4812 676 4864 hunc
692 4807 895 4864 wenceslaum
910 4807 951 4860 bis
966 4804 1124 4859 noncinihus
1140 4801 1202 4854 lau·

283 4895 343 4946 deta
372 4888 439 4959 „tt
462 4883 624 4938 chccstni
646 4880 841 4932 Micbalcswieis'
855 4879 1009 4944 Heniochi,
1042 4872 1200 4925 ntoderato-

283 4965 320 5016 ris
344 4956 452 5026 collegii
477 4949 722 5012 Lidomecicensis,
751 4949 970 5010 commendatio,
999 4945 1097 5010 scripta
1119 4957 1200 4992 nsanu

282 5027 352 5083 Phil.
366 5019 581 5080 Melanthonis.¹'
616 5016 786 5088 (Heniochus
800 5017 874 5070 enim
888 5026 927 5070 cst
941 5031 1067 5086 graecum
1081 5006 1201 5079 ἡνίοχος,

279 5101 344 5152 aur'
361 5107 401 5156 a.)
615 5147 619 5156 ,

245 5186 272 5256 2)
292 5116 360 5254 ”ME
374 5178 540 5236 Weneeetoi
553 5173 749 5228 Michotoeotes'c'
765 5169 901 5222 Heniochi
920 5162 1054 5240 (ἧνίοχος,
1078 5161 1200 5243 auriga),

279 5251 458 5308 moderatoris
470 5246 584 5314 Collegii
599 5240 840 5302 Lidomericensis,
864 5233 1080 5297 commendatio,
1100 5241 1198 5299 eccepto

281 5343 362 5377 manu
380 5319 447 5372 Phil.
464 5315 658 5370 Melanthouis.
683 5309 744 5375 (tot.
759 5308 803 5362 39.
818 5312 874 5375 ⁴0.)
915 5307 975 5360 Non
991 5303 1050 5357 sine
1063 5301 1198 5372 voluptate

279 5391 376 5474 legitur
387 5391 443 5452 hie,
463 5387 537 5457 quod
553 5383 585 5435 de
595 5382 729 5452 discipulo
743 5379 869 5447 magister
882 5375 1024 5496 reliqiosus
1038 5372 1083 5425 ills
1099 5377 1197 5450 narrat,

297 5482 322 5513 ue
338 5459 499 5513 Germaniae
521 5465 679 5522 praeceptor
698 5451 756 5501 iure
777 5465 827 5499 suo
846 5445 916 5516 apud
961 5441 1091 5512 heologos
1113 5437 1196 5522 apdtt.

276 5479 384 5582 dedicat
405 5525 529 5580 noctitibit
549 5523 659 5577 interest
685 5521 755 5572 inter
780 5515 1001 5568 testimoniorum
1021 5511 1196 5566 acadctotco·

273 5619 335 5654 rum
347 5599 419 5652 iltius
431 5595 524 5650 aetatis
539 5603 609 5646 noste
618 5609 701 5662 seque
714 5583 883 5642 astionem*
908 5581 1069 5650 (Lucceius.)

770 359 1215 476 urtsrocaauu
1266 361 1508 440 atauus.
1563 361 1694 440 csso.

2170 362 2264 432 1060

2091 543 2157 606 25.
2172 539 2261 645 Febr..

2075 630 2251 656 M

1262 535 1329 610 No.
1347 536 1459 610 6939.

1257 635 1470 670 Μ

1536 736 1624 852 (Io.
1655 731 1974 854 Aurifadroi)

1319 897 1343 970 †
1361 896 1398 950 tta
1409 896 1504 952 codice
1512 899 1731 969 apographorum
1749 896 1858 955 ΜΗ.
1876 895 1904 950 in
1919 893 2091 950 Bibliotheca
2109 895 2259 952 Parisienai

1356 975 1468 1022 sanctae
1483 965 1647 1022 Geuovecas
1660 967 1728 1022 mihi
1742 965 1876 1040 descripta
1890 984 1905 1018 a
1920 965 2030 1020 Clariss.
2044 967 2204 1024 Dt‘tbnero.

1252 1117 1305 1196 Ν.
1327 1116 1382 1197 Ν.
1439 1115 1523 1218 (Ad
1545 1116 1573 1191 I
1579 1146 1610 1196 o.
1637 1117 1758 1193 Auri
1757 1119 1954 1222 fabrum
1980 1113 2257 1216 Regiomonto-

1585 1249 1693 1312 num,
1725 1246 1760 1294 ut
1785 1219 1933 1320 videtur.)

1253 1361 1470 1444 Reveeeme
1492 1373 1549 1442 vir
1565 1385 1601 1444 et
1614 1372 1867 1456 carissimus.
1920 1368 2096 1444 Feramus
2124 1397 2167 1440 eo
2186 1375 2253 1464 pla·

1254 1477 1368 1548 cidius
1390 1477 1614 1546 difficultates
1635 1489 1795 1560 nostras,
1827 1475 1912 1568 quia
1928 1474 1966 1544 iu
1989 1466 2071 1544 aliis
2095 1476 2250 1564 regioni-

1255 1583 1322 1650 bus
1338 1579 1388 1670 pii
1403 1579 1516 1648 multo
1533 1577 1690 1648 tristiora
1704 1579 1835 1649 terunt.
1871 1571 2049 1648 Gallicam
2067 1579 2247 1647 saevitiam

1255 1705 1330 1752 non
1345 1681 1528 1771 ignoratis.
1581 1678 1623 1750 ln
1639 1677 1814 1772 Hispania
1831 1699 1951 1751 recens
1969 1680 2094 1748 decem
2116 1679 2244 1750 Satelli-

1255 1799 1306 1856 tes
1321 1780 1424 1872 Regii
1443 1793 1587 1875 propter
1603 1781 1700 1874 piam
1717 1779 1973 1852 confessionem
1988 1782 2147 1850 cremati
2167 1799 2239 1858 sunt.

1257 1883 1304 1956 Et
1327 1887 1473 1980 quidam
1495 1909 1537 1956 ex
1560 1885 1833 1978 inquisitoribus
1857 1885 1976 1973 agnita
2001 1884 2234 1964 veritatecon-

1256 1988 1367 2074 versi,
1403 2012 1485 2058 mox
1504 1988 1702 2078 suppliciis
1737 1985 1856 2056 affecti
1888 2000 1982 2058 sunt.
2063 1984 2226 2056 Precencu

1258 2092 1369 2160 tilium
1386 2091 1487 2174 Dei,
1504 2106 1544 2160 ut
1557 2089 1727 2183 reliquias
1742 2086 1921 2160 Ecclesiae
1936 2088 2032 2188 inter
2057 2111 2132 2158 nos
2144 2104 2171 2157 et
2179 2111 2226 2177 gu

1259 2198 1380 2264 bernet
1404 2206 1437 2262 et
1461 2206 1630 2283 protegat.
1680 2189 1785 2262 Nunc
1800 2193 1898 2260 adest
1914 2184 2055 2260 David
2073 2185 2180 2272 Voti,
2201 2193 2233 2258 de

1257 2296 1355 2366 euius
1368 2295 1607 2386 disputatione
1622 2294 1694 2362 iam
1706 2294 1956 2365 deliberamus.
2009 2290 2127 2368 Mitto
2141 2291 2237 2384 pagel-

1257 2399 1308 2468 las
1322 2399 1367 2468 de
1382 2400 1494 2486 gradu
1508 2391 1669 2466 Pasceri.
1722 2394 1830 2466 Plura
1855 2395 2028 2478 scribam,
2064 2419 2148 2464 cum
2171 2420 2237 2485 pro-

1257 2501 1429 2570 ficiscetur
1451 2502 1495 2569 ad
1521 2523 1584 2568 vos
1606 2497 1741 2583 David,
1775 2521 1882 2590 quem
1908 2496 2074 2568 existimo
2099 2499 2168 2568 iam
2183 2498 2238 2566 tihi

1258 2603 1396 2672 mittere
1409 2596 1477 2682 τὰς
1489 2597 1651 2700 pantanis
1664 2595 1895 2693 νομοθεσίας
1907 2611 2051 2682 nostrae
2065 2595 2240 2670 Ecclesiae.

1257 2705 1417 2776 Salutem
1439 2699 1603 2796 Siclo'o')
1628 2719 1662 2781 et
1685 2706 1787 2774 vobis
1810 2703 1977 2772 omnibus
2004 2714 2103 2792 opto.
2152 2700 2240 2770 Bene

1259 2809 1335 2878 vale
1349 2807 1467 2882 carias.
1483 2807 1603 2878 trater.
1653 2803 1722 2878 Die
1741 2804 1865 2876 Martii
1877 2798 1914 2899 ²)
1930 2801 2039 2874 Anno
2059 2799 2162 2878 1560.

1707 2903 1895 2998 Philippus
1920 2901 2138 2978 Melanthea.

1258 3279 1324 3354 No.
1346 3279 1458 3356 6940.

1263 3377 1435 3406 *m

2083 3290 2139 3352 26.
2154 3283 2234 3344 Febr.

2083 3376 2237 3412 Μ

1566 3459 1642 3547 Ge.
1671 3445 1943 3572 Agricolae.

1326 3625 1411 3696 Epist.
1429 3621 1639 3748 tiothpsts.
1664 3622 1715 3691 (ed.
1738 3620 1826 3677 Lond.
1845 3620 1893 3678 lib.
1914 3621 1948 3678 ll.
1966 3643 2009 3697 ep.
2030 3625 2160 3696 596.).-
2200 3627 2240 3680 llit
2326 3633 2327 3662 l

1554 3695 1612 3746 oin
1628 3695 1690 3749 cod.
1708 3689 1792 3746 Goth.
1807 3691 1869 3746 400.

1359 3715 1388 3749 er
1402 3705 1534 3766 autograp

1284 3847 1489 3949 Georgia
1524 3845 1801 3946 Agricolas,
1844 3847 2076 3944 gubernanti
2096 3850 2220 3925 stadio

1544 3953 1732 4026 doctrinas
1757 3947 1962 4047 detergas

1258 4097 1304 4183 S.
1330 4105 1375 4180 D.
1426 4103 1629 4176 Clarissimo
1655 4105 1710 4174 vir
1730 4119 1765 4176 et
1788 4098 1994 4176 charissime
2014 4107 2151 4198 frater,
2184 4107 2245 4182 Χι-

1257 4203 1407 4308 nophon
1430 4209 1564 4301 inquit:
1597 4201 1710 4280 dvds'v
1729 4201 1896 4302 διαφέρει
1928 4206 2085 4308 ἀγαθοῦ
2113 4209 2247 4308 πατρὸς

1257 4317 1385 4408 ἄρχων
1405 4303 1563 4408 ἀγαθός.
1624 4307 1707 4382 Tali
1731 4307 1919 4402 Principe,
1951 4311 2050 4382 Duce
2071 4309 2245 4385 Pomoru-

1258 4420 1341 4489 nt'ac
1364 4405 1613 4508 Philippa*),
1656 4412 1717 4506 qui
1750 4411 1818 4482 fuit
1843 4413 1977 4504 patriae
2004 4430 2126 4504 pater,
2172 4434 2245 4489 ante

1258 4540 1387 4615 pancos
1400 4515 1476 4584 dies
1495 4515 1610 4586 orbati
1635 4537 1775 4596 stemus,
1808 4539 1914 4607 quem
1933 4539 1972 4584 eo
1989 4519 2096 4588 etiam
2115 4546 2180 4594 vos
2197 4524 2246 4590 lu·

1256 4647 1336 4715 gere
1359 4625 1476 4700 decet,
1509 4618 1591 4711 quia
1614 4631 1726 4698 matce
1750 4609 1936 4686 Palatina
1960 4632 2066 4692 natus
2092 4623 2185 4708 soit,
2218 4639 2248 4692 et

1256 4717 1483 4798 aLudovico
1503 4715 1666 4792 Electore
1688 4711 1869 4792 Palatino
1889 4721 2079 4808 educatus,
2114 4749 2252 4816 semper

1256 4882 1351 4892 -υ-ω-

1292 4977 1316 5042 1)
1337 4971 1418 5024 Petro
1437 4961 1546 5029 statio,
1567 4963 1721 5018 areteuoet
1740 4964 1768 5018 in
1788 4963 1877 5020 Aeas.
1895 4965 2024 5038 Regiam.

1287 5048 2108 5180 ²>attaea¹ett:a..tea·s,c.aaaaa·
2122 5057 2250 5180 ta·-

1321 5191 1443 5252 Darides
1460 5189 1539 5258 Voigt
1558 5189 1612 5240 iam
1633 5207 1661 5240 es
1677 5185 1857 5254 Regiontbnte
1874 5190 1983 5246 advenit
2001 5209 2096 5246 mense
2119 5195 2250 5250 imni„

1320 5266 1389 5337 (Μ
1408 5259 1501 5328 ε1)·Ιᾶ
1522 5255 1627 5310 (huten
1654 5256 1683 5308 d·
1705 5261 1744 5311 1⁰.
1762 5257 1850 5328 ism),
1882 5269 1908 5314 et
1930 5261 1964 5314 cle
1982 5261 2040 5314 eius
2058 5261 2251 5334 disponam

1319 5329 1520 5390 deliberabatur
1543 5335 1655 5378 exeunte
1682 5327 1807 5380 ianuario
1834 5328 1903 5396 (tid.
1929 5347 1973 5400 ep.
1998 5333 2030 5384 sd
2058 5329 2200 5402 Vagatur„
2225 5339 2249 5386 g,

1319 5407 1363 5462 ²⁵·
1382 5400 1482 5477 ¹³¹¹·l2.
1501 5394 1647 5466 ⁶³³P⁰¹²¹³⁰
1674 5395 1732 5465 ipsa
1753 5395 1842 5475 hatte.
1871 5408 1910 5452 en
1928 5405 1953 5451 a.
1973 5401 2015 5454 tt.
2034 5399 2140 5456 Marcis.
2190 5405 2250 5458 teo„

1317 5475 1400 5545 igitur
1417 5467 1529 5524 dubito,
1554 5482 1603 5536 pro
1624 5463 1720 5516 Martii
1738 5465 1915 5521 scribendum
1934 5487 1989 5524 csse
2006 5469 2164 5526 Matthiae.

1281 5564 1311 5636 a)
1330 5565 1390 5616 Dux
1403 5552 1580 5608 Pomersniae
1593 5551 1619 5604 in
1637 5549 1787 5624 Wolgsst,
1806 5565 1973 5625 praematura
1993 5565 2082 5610 morte
2102 5560 2246 5634 abreptos.
2326 5589 2327 5618 t
