4722 6198
225 289 299 364 211
786 281 1225 364 EPlSTOLARUM
1274 289 1382 371 LIB.
1408 291 1511 377 xtlt.
1563 295 1698 376 1⁵57.
2187 319 2265 396 212

233 475 287 540 est
306 459 375 532 alia
400 483 484 532 sana
507 460 743 554 salutarisque
768 459 880 544 ratio,
907 485 1012 555 quam
1029 475 1071 532 ut
1088 483 1227 532 errores
1247 460 1342 538 'Cur
1376 467 1504 562 quovis
1535 475 1682 546 centulo
1716 479 1970 570 persecutionis
2001 498 2036 556 et
2069 485 2264 582 impiarum

234 563 501 644 interimistici,
544 559 798 656 Adiaphorici,
840 561 1053 634 Maioristici
1094 578 1128 634 et
1164 565 1227 634 alii
1248 570 1250 596 ³
1268 571 1536 658 doctrinarum,
1560 575 1632 646 iarn
1647 574 1708 650 hic
1721 580 1793 650 iam
1811 583 1898 654 illuc
1913 583 2026 656 instar
2040 593 2262 666 arundinum

235 667 330 738 clare
348 679 381 736 et
396 679 515 756 aperte
531 669 711 736 communi
726 688 916 750 consensu,
932 681 1104 752 eteorum
1120 667 1225 736 etiam
1269 697 1308 740 ac
1325 673 1458 742 levium
1481 677 1634 748 nubium
1659 702 1697 751 se
1720 683 1845 772 agitari
1862 687 2065 776 patiuntur,
2091 707 2127 765 et
2152 697 2262 766 simut

239 791 345 849 voce,
372 768 435 860 qui
451 765 593 860 patroni
611 781 713 838 antea
730 767 876 838 illorum
895 769 1035 840 fueraut
1050 771 1225 838 damnen-
1270 773 1359 845 alios
1375 799 1519 870 quoque
1533 781 1685 869 pusillos
1697 779 1833 856 Christi
1850 787 1890 856 in
1904 791 2166 866 vacillationem
2182 799 2264 870 rui-

237 886 308 948 tur.
365 867 483 962 thue
514 865 599 940 haec
634 871 775 959 fulgens
797 871 1063 964 necessariaque
1096 872 1158 940 lux
1185 871 1224 938 in
1271 899 1425 970 nemque
1441 879 1650 972 impellunt,
1675 907 1716 956 ac
1730 909 1875 978 peccare
1893 889 2070 964 laciuuti.

239 986 313 1046 tota
337 967 455 1040 Domo
479 969 629 1042 Domini
652 974 785 1056 luceat,
825 996 897 1065 quo
921 973 1074 1064 primum
1100 993 1224 1042 omnes
1284 1015 1285 1022 1

239 1072 361 1166 pusilli
377 1067 512 1144 Christi
530 1073 707 1144 inostense
724 1097 820 1142 nunc
834 1086 868 1142 et
882 1075 919 1142 in
941 1089 1122 1166 posterum
1147 1099 1223 1144 am·
1274 1111 1283 1130 ·

240 1176 364 1248 bularc
389 1175 536 1266 possint.
587 1172 727 1246 Deinde
749 1188 789 1246 ut
811 1175 873 1268 qui
898 1179 1004 1246 tantis
1027 1177 1178 1268 peccatis
1203 1199 1223 1246 a

240 1276 318 1350 Deo
345 1277 552 1362 deviarunt,
577 1287 800 1369 nempe'tota
823 1276 1035 1362 Germania,
1062 1280 1100 1348 in
1128 1302 1221 1348 vram

240 1379 381 1458 redire,
410 1379 663 1470 poenitentiam
688 1400 810 1468 agere,
842 1392 877 1448 et
908 1381 996 1448 iram
1023 1403 1224 1473 poenasque

241 1481 437 1572 praesentis
460 1493 494 1550 et
516 1481 655 1550 futurae
678 1480 770 1550 vitae
798 1481 979 1572 deprecari
1003 1495 1037 1551 et
1071 1482 1223 1571 effugere

243 1581 400 1673 possint,
425 1595 458 1652 et
479 1581 632 1675 denique
657 1607 728 1676 quo
751 1585 894 1652 taudem
916 1607 1019 1652 verae
1042 1585 1224 1673 religiones

243 1683 392 1774 pristina
416 1684 590 1754 certitudo
615 1697 650 1754 et
669 1684 796 1754 violata
814 1698 864 1754 tot
880 1686 1090 1778 corruptelis
1113 1686 1223 1775 gratia

242 1784 310 1856 Dei
329 1784 464 1874 integre
480 1787 697 1860 restituatur.
749 1789 789 1854 Id
817 1786 886 1856 nisi
914 1787 992 1869 fiat,
1017 1811 1093 1856 non
1120 1789 1223 1858 video

243 1887 384 1980 qualem
423 1881 638 1976 theologiam
668 1902 730 1959 aut
762 1889 943 1958 ecclesiam
974 1885 1131 1960 habituri
1164 1913 1224 1960 su-

242 2010 343 2072 mus,
368 1989 662 2081 quondoquidem
684 2013 759 2058 eam
778 1991 1003 2060 temerariam
1028 2013 1225 2084 vanamque

243 2089 395 2179 gloriam
411 2102 445 2160 et
460 2090 587 2162 veteris
607 2087 738 2160 Adami
763 2093 916 2162 nolentis
937 2093 1072 2162 dicere:
1097 2116 1223 2186 pecca-

246 2191 300 2274 vi,
331 2203 457 2262 tetram
484 2194 712 2281 pertinaciam
741 2206 903 2264 aeternae
926 2195 1117 2265 multarum
1146 2197 1223 2266 ani-

201 2321 211 2348 ·
242 2315 382 2362 marum
403 2293 508 2362 saluti
537 2297 705 2365 mandato
726 2319 765 2366 ac
786 2296 918 2384 gloriae
942 2293 1009 2366 Dei
1039 2299 1222 2388 praeferat.

242 2391 318 2463 Vos
332 2395 441 2484 igitur
454 2394 581 2466 iterum
602 2396 803 2492 iterumque
821 2397 956 2484 videte,
982 2400 1068 2492 quid
1093 2401 1223 2470 debili-

240 2509 312 2566 tata
329 2509 364 2567 ct
381 2498 550 2568 convulsa
569 2499 698 2568 veritas
713 2501 908 2592 religioque
925 2525 945 2570 a
962 2502 1065 2570 vobis
1078 2503 1223 2592 flagitet.

240 2593 317 2688 Ego
334 2611 444 2671 testor
457 2621 497 2668 ac
510 2613 684 2691 protestor
701 2595 766 2670 hac
785 2602 933 2692 epistola
955 2625 1073 2672 coram
1088 2601 1166 2674 Deo
1190 2617 1225 2675 et

242 2698 318 2770 cius
342 2698 508 2784 ecclesia,
532 2725 647 2772 meam
664 2703 915 2774 conscientiam
936 2703 1022 2773 tales
1038 2705 1224 2776 oblinitio-

241 2823 306 2871 nes
336 2801 526 2872 vulnerum
554 2815 588 2872 et
614 2793 797 2875 ambistias
830 2829 990 2874 errorum
1026 2807 1118 2876 ferre
1148 2831 1224 2878 non

240 2925 354 2994 posse.
411 2899 552 2972 Bellum
579 2905 744 2976 ecclesiae
769 2903 837 2975 Dei
874 2907 1086 2978 acerrimum
1119 2911 1224 2980 debet

241 3025 315 3074 esse
331 3027 409 3072 cunr
425 2999 648 3076 Antichristo
664 3021 698 3078 et
713 3008 880 3080 omnibus
897 3008 972 3078 eius
994 3012 1163 3080 membris
1188 3025 1224 3082 et

240 3104 534 3187 scortationibus,
568 3131 648 3177 cum
671 3108 839 3179 omatibus
864 3109 1016 3180 diabolis
1041 3127 1074 3183 et
1099 3137 1221 3183 eorum

240 3205 441 3291 erroribus,
466 3208 541 3276 sive
563 3208 623 3278 ille
647 3233 711 3300 per
726 3207 871 3283 Petrum
886 3212 959 3280 sive
981 3236 1045 3304 per
1059 3212 1223 3296 Paulum,

195 3299 198 3309 ’
241 3309 316 3376 sive
343 3330 406 3398 per
428 3309 593 3398 angelum
617 3313 661 3380 de
691 3314 789 3382 coelo
820 3315 1074 3390 instaurentur.
1132 3313 1223 3404 Quis

239 3433 325 3480 vero
349 3432 508 3502 unquam
531 3411 668 3482 audivit
692 3437 828 3486 errores
850 3439 891 3484 ex
915 3415 1055 3506 piorum
1071 3419 1223 3510 pectori-

239 3511 307 3582 bus
322 3509 460 3582 silendo
479 3511 618 3582 evulsos
638 3515 736 3584 esse?
1154 3579 1155 3583 ,

339 3608 480 3682 Citatur
495 3615 648 3685 multum
658 3614 816 3687 Platonis
832 3618 939 3688 illud:
966 3642 1081 3712 neque
1097 3643 1223 3712 argen-

237 3729 314 3786 tum
336 3737 451 3808 neque
470 3739 596 3786 aurum
618 3741 732 3811 neque
753 3719 868 3811 ipsum
892 3717 1128 3792 Adamantem
1150 3737 1222 3793 tam

238 3816 356 3884 lucere
378 3839 418 3884 ac
439 3811 574 3906 fulgere
601 3814 653 3900 nic
675 3818 838 3919 ἀγαθῶν
856 3817 1010 3917 ἀνδρῶν
1024 3818 1222 3920 ὁμοφράδ-

237 3939 324 4008 μων
337 3909 474 4008 νόησις.
501 3917 682 3997 Praeclare
699 3923 761 3991 ille
777 3925 921 4016 quidem
937 3925 1104 4011 affirmat,
1117 3927 1221 3998 etiant

238 4016 277 4085 in
300 4017 449 4106 negotiis
477 4020 630 4110 politicis
652 4047 691 4092 ac
723 4019 982 4116 philosophicis
1014 4051 1087 4096 rem
1118 4029 1222 4120 longe

236 4117 552 4209 praeclarissimam
580 4145 654 4191 esse
678 4129 888 4196 concordem
916 4128 1093 4198 bonorum
1125 4131 1221 4202 viro-

237 4244 319 4290 rum
341 4222 563 4296 sententiam.
614 4221 748 4294 Verum
781 4228 885 4316 longe
920 4231 1031 4316 magis
1063 4231 1156 4302 lucet
1180 4257 1220 4305 ea

238 4323 430 4404 sententia,
456 4322 493 4392 in
508 4347 577 4416 qua
595 4347 661 4394 nos
677 4351 790 4396 unum
805 4353 878 4400 esse
896 4331 1115 4418 deberemus,
1135 4337 1219 4427 quia

1374 1009 1439 1081 llla
1457 1007 1721 1111 ὁμοφράδμων
1734 1017 1861 1114 νόησις
1881 1050 1964 1096 vero
1988 1027 2079 1102 luxit
2099 1056 2139 1103 ac
2161 1034 2263 1108 fulsit

1273 1135 1312 1180 m
1331 1113 1438 1184 domo
1455 1117 1593 1186 domini
1610 1123 1717 1208 adeo,
1741 1137 1783 1194 ut
1801 1149 1864 1216 per
1878 1151 1954 1197 eam
1968 1144 2002 1200 et
2019 1133 2127 1224 patris
2142 1138 2260 1208 coele-

1153 1279 1161 1295 ,
1274 1213 1336 1284 3113
1350 1215 1463 1303 gloria
1480 1219 1525 1288 sit
1540 1221 1733 1309 illustrata,
1759 1239 1794 1297 et
1810 1227 1907 1299 orbis
1922 1243 2094 1304 terrarum
2116 1241 2161 1307 ad
2190 1243 2261 1310 sal-

1274 1316 1411 1385 vificam
1427 1320 1612 1392 veritatem
1629 1325 1685 1394 vel
1701 1327 1874 1401 deductus
1888 1331 1945 1399 vel
1963 1347 2056 1406 certe
2075 1335 2263 1418 invitatus.

1276 1413 1332 1487 Ad
1358 1419 1462 1489 illum
1479 1435 1550 1492 tam
1576 1428 1796 1517 praeclarum
1820 1431 2078 1531 salutaremque
2110 1465 2264 1514 consen-

1195 1584 1204 1600 ,
1275 1541 1354 1588 sum
1376 1521 1586 1596 festinanter
1612 1531 1815 1613 redeamus,
1848 1559 2040 1630 omnesque
2064 1547 2262 1618 contrarias

1275 1624 1468 1692 sententias
1491 1641 1526 1697 et
1543 1629 1828 1704 abominationes
1851 1636 1925 1705 sive
1942 1625 2155 1714 colhisiones
2180 1673 2261 1718 cum

1275 1719 1497 1796 Antichristo
1512 1729 1585 1800 sive
1605 1755 1685 1801 cum
1702 1731 1991 1810 sacramentariis
2011 1727 2134 1816 aliisve
2156 1753 2263 1818 sedu-

1276 1827 1433 1896 ctoribus
1454 1830 1617 1904 funditus
1639 1835 1806 1907 tollamus
1827 1851 1862 1910 et
1881 1841 2095 1919 aboleamus.
2156 1847 2259 1922 Desi-

1276 1951 1401 1998 nemus
1423 1930 1528 2000 etiam
1553 1937 1715 2030 persequi
1738 1961 1815 2020 eos,
1843 1942 1905 2034 qui
1929 1939 2000 2016 lam
2016 1961 2122 2018 tetras
2136 1977 2262 2026 corru-

1275 2030 1388 2122 ptelas
1409 2045 1444 2102 ct
1464 2037 1695 2108 scortationes
1708 2063 1787 2109 cum
1804 2039 2022 2140 Babylonica
2038 2046 2182 2124 Thaide
2210 2069 2263 2126 ta·
2343 2099 2350 2110 -

1275 2145 1376 2218 xant,
1419 2133 1551 2228 quique
1584 2140 1749 2210 miseram
1781 2141 2011 2218 Germaniam
2044 2155 2089 2221 ad
2125 2173 2262 2228 mature

1276 2235 1447 2322 agendam
1464 2233 1720 2330 poenitentiam
1734 2246 1778 2314 de
1793 2257 1864 2315 tam
1886 2249 2000 2320 foedis
2022 2252 2181 2346 lapsibus
2203 2261 2262 2329 in·

1276 2337 1400 2417 vitant,
1416 2337 1518 2432 eique
1533 2345 1712 2436 quomodo
1726 2369 1746 2416 a
1761 2360 1909 2418 ventura
1926 2351 1978 2422 ira
1994 2355 2161 2448 aufugere
2174 2387 2260 2452 pos-

1276 2437 1341 2524 sit,
1376 2437 1527 2511 lideliter
1546 2468 1586 2514 ac
1612 2449 1806 2518 secundum
1829 2445 1897 2520 Dei
1919 2453 2133 2530 voluntatem
2157 2488 2261 2534 rom-

1276 2553 1489 2618 monstrant.
2121 2577 2128 2582 “

1380 2655 1525 2732 Cessent
1542 2663 1696 2758 denique
1713 2666 1800 2739 istae
1819 2669 2067 2749 infamationes
2086 2695 2119 2750 et
2141 2685 2262 2755 decla-

1275 2759 1450 2832 matioues
1466 2763 1575 2856 impie
1591 2785 1797 2855 monentes,
1823 2787 1858 2846 et
1882 2782 2085 2866 praesertim
2104 2783 2191 2856 istae
2207 2789 2261 2858 la·

1275 2885 1394 2932 mosae
1427 2859 1569 2936 chartae
1602 2882 1634 2940 et
1669 2871 1827 2960 picturae
1862 2873 2187 2973 Vitebergensium,
2220 2907 2263 2962 ut

1275 2965 1366 3033 duae
1387 2966 1588 3053 asinorum,
1620 2971 1656 3038 in
1674 2997 1741 3064 qua
1764 2995 2024 3070 oppugnatores
2041 2981 2158 3078 Papae
2179 3016 2259 3061 cum

1274 3066 1382 3134 asinis
1414 3085 1682 3162 comparantur,
1716 3075 1771 3144 bis
1800 3103 1921 3152 recusa
1944 3079 2164 3175 Philomela,
2199 3096 2258 3164 ubi

1275 3168 1486 3238 nominatim
1512 3172 1732 3246 infamantur
1754 3181 1856 3250 multi
1882 3185 2044 3258 doctores
2072 3190 2167 3276 suci,
2198 3221 2261 3266 cu·

1275 3269 1365 3356 culi,
1387 3268 1604 3354 Ramsbeki,
1633 3275 1891 3379 intranimse)
1911 3301 1946 3358 ct
1963 3285 2101 3383 Synodi
2124 3295 2262 3382 avium,

1275 3394 1364 3463 quae
1380 3367 1499 3444 charta
1515 3399 1611 3446 nunc
1626 3376 1721 3450 intra
1741 3381 1815 3454 dies
1829 3385 1949 3456 decem
1967 3393 2112 3482 prodiit.
2156 3393 2261 3486 Quae

1274 3473 1393 3542 omnia
1419 3471 1513 3544 nihil
1538 3477 1713 3550 derebus
1741 3507 1914 3580 causaque
1943 3490 2086 3582 dicunt,
2118 3509 2259 3570 tanturn

1273 3595 1441 3664 personas
1456 3592 1549 3649 recte
1566 3584 1790 3656 monentium
1805 3587 2034 3688 infamant*).

1375 3709 1440 3784 llle
1472 3717 1578 3786 modo
1613 3718 1729 3791 dictus
1761 3745 1972 3813 consensus,
2009 3731 2074 3824 qui
2107 3731 2263 3808 Lutheri

1272 3823 1431 3906 tempore
1455 3817 1586 3906 viguit,
1609 3844 1693 3891 vere
1714 3823 1781 3894 fuit
1804 3849 1916 3897 unum
1937 3853 2011 3901 esse
2037 3833 2075 3904 in
2096 3835 2263 3924 domino,

1270 3939 1353 3984 vere
1369 3917 1437 3987 fuit
1452 3918 1546 3988 idem
1563 3923 1712 4010 sentire,
1734 3923 1829 3996 idem
1848 3930 1975 4007 dicere.
2015 3931 2051 4004 0
2067 3961 2175 4031 quam
2194 3943 2262 4013 bo-

1270 4039 1359 4086 nurn
1386 4033 1419 4088 et
1445 4045 1552 4112 quarn
1576 4022 1773 4096 iucundum
1799 4029 1887 4114 fuit,
1921 4049 1956 4104 et
1987 4059 2083 4108 nunc
2114 4065 2263 4138 quoque

1270 4134 1359 4190 esset
1376 4120 1503 4191 fratres
1519 4123 1558 4191 in
1574 4147 1616 4194 eo
1636 4127 1812 4201 babitare!
1868 4131 1922 4202 lbi
1937 4151 2030 4208 certe
2052 4154 2086 4211 et
2098 4143 2201 4216 dedit
2227 4165 2262 4220 et

1269 4221 1379 4290 donet
1410 4222 1449 4292 in
1480 4240 1661 4314 posterum
1696 4230 1978 4306 benedictionem
2012 4261 2113 4311 suam
2143 4243 2259 4322 Deus.

1270 4316 1329 4391 Ad
1355 4347 1459 4416 quem
1482 4349 1697 4398 consensum
1720 4333 1965 4430 unitatemque
1998 4363 2064 4411 nos
2095 4349 2262 4421 coelestis

235 4425 492 4514 omnipotenfi,
513 4421 580 4494 Dei
613 4451 675 4496 ore
705 4429 836 4520 perlat,
867 4445 929 4504 ρει,
988 4431 1079 4504 cum
1111 4437 1220 4525 igitur
1266 4421 1328 4491 ille
1344 4438 1442 4514 pater
1455 4429 1573 4496 omnis
1588 4429 1674 4499 boni
1691 4445 1725 4502 et
1743 4439 1946 4522 praesertim
1958 4461 2262 4521 conservataere-

235 4547 279 4592 ex
301 4525 376 4594 eius
397 4527 506 4596 verbo
530 4531 816 4616 cognoverimus,
840 4534 1048 4627 saepiusque
1069 4537 1219 4608 confessi
1265 4522 1708 4620 113101111111111111111111111
1733 4557 1837 4606 11111111
1863 4539 1902 4610 111
1925 4542 2075 4632 gloriam
2097 4553 2261 4623 nominis

233 4647 276 4692 33
288 4627 435 4715 professi
452 4627 580 4709 simus,
606 4653 732 4722 papam
749 4655 823 4702 esse
845 4629 1110 4722 antichristum,
1144 4663 1217 4710 esse
1265 4690 1494 4710 --....-..
1600 4663 1602 4670 ’

232 4725 377 4796 domata
392 4729 467 4798 eius
489 4743 595 4800 tetras
612 4732 916 4819 abominationes,
931 4740 1216 4831 cumqueSacra-

233 4827 508 4914 mentatiorum,
535 4830 768 4903 Stenclsleldii
782 4849 818 4906 et
832 4837 1049 4908 necessitatis
1067 4865 1214 4932 operum

232 4929 277 4996 ad
295 4929 443 4998 salutern
459 4931 621 5021 dogmata
637 4934 723 5004 falsa
746 4959 820 5006 esse
838 4951 908 5008 tam
931 4941 1038 5030 longo
1057 4954 1214 5032 tempore

230 5041 372 5099 nostrae
396 5031 561 5102 ecclesiae
601 5039 850 5124 cognoverint,
883 5041 1095 5136 scriptisque
1127 5068 1213 5134 pro-

228 5130 312 5198 fessi
328 5131 417 5212 sint,
439 5159 503 5205 cur
516 5135 660 5229 quidem
682 5139 764 5208 inde
783 5142 987 5228 discedunt,
1012 5159 1046 5214 et
1062 5168 1210 5216 concor·

226 5231 322 5299 diam
355 5227 650 5332 harmoniamque
677 5241 840 5326 ecclesiae
871 5243 977 5334 longe
1011 5240 1210 5338 pulcherri-

224 5355 338 5416 mam,
372 5359 462 5426 quae
493 5335 642 5410 bertheri
678 5355 834 5433 tempore
864 5346 953 5426 fuit,
993 5347 1208 5420 colludendo

224 5457 303 5504 cum
326 5431 548 5508 Antichristo
575 5456 610 5512 ct
640 5443 720 5514 aliis
742 5446 1004 5534 seductoribus,
1037 5452 1208 5524 turbant?

1297 4793 1485 4926 ''aftttltt
1499 4799 1800 4927 t'ttalttt'fttl
1803 4807 1902 4946 ’.1111
1904 4811 2141 4952 ttlfittttt
2142 4825 2257 4952 tulit

1331 4932 1426 4988 buain
1445 4935 1534 4998 Acad.
1551 4939 1642 4994 Viteb.
1663 4953 1760 4996 contra
1777 4943 1902 5001 Flacium
1922 4953 2121 5022 spargebantur
2139 4971 2169 5014 31
2188 4967 2257 5022 eda·

1330 4999 1432 5056 bantur
1453 5003 1480 5056 in
1501 5005 1610 5062 libello:
1629 5007 1863 5067 scholasticorum
1885 5018 2049 5076 Academiae
2069 5021 2257 5103 Vitebargen-

1329 5069 1365 5123 aia
1379 5069 1509 5142 epistolae
1514 5111 1526 5158 2
1546 5077 1633 5132 editae
1652 5089 1747 5134 contra
1768 5079 1808 5134 lll.
1825 5081 1948 5139 tttaetum
1966 5117 1995 5128 —
2017 5091 2117 5160 quibus
2136 5115 2255 5170 respon·

1324 5139 1404 5194 detur
1419 5143 1453 5196 ad
1473 5150 1552 5201 131333
1566 5163 1630 5202 cum
1652 5147 1761 5204 fastidio
1773 5149 2011 5220 inapudcntiasima
2031 5161 2159 5230 repetitas
2177 5171 2253 5226 vim.

1328 5209 1413 5261 lcntaa
1435 5220 1460 5261 et
1482 5210 1562 5268 falsas
1582 5216 1788 5272 criminationes
1803 5219 1887 5274 Flacii
1904 5220 2033 5280 adversus
2046 5229 2146 5285 bartam
2160 5241 2257 5310 regio·

1326 5293 1394 5328 num
1414 5277 1549 5336 ecclesias.
1595 5279 1814 5343 wirceburc.
1837 5286 1863 5342 l.
1902 5289 1974 5345 Vidit
1988 5291 2061 5350 hunc
2079 5295 2183 5356 librum
2206 5325 2253 5362 ra-

1328 5343 1466 5399 rissimum
1484 5347 1658 5421 Strodela'uc,
1675 5365 1703 5408 31
1724 5356 1918 5412 ani-advertit
1935 5359 2060 5418 Placium
2079 5364 2126 5422 bic
2146 5373 2252 5427 dictum

1325 5432 1382 5468 3333
1405 5416 1693 5488 aaahum,t11flnam
1712 5425 2056 5504 iconomachiam,
2076 5453 2184 5504 tergm
2204 5461 2252 5496 33-

1324 5497 1444 5551 ronem,
1459 5490 1626 5552 periurum,
1647 5498 1755 5558 turpem
1767 5509 1899 5550 scurram
1912 5507 1967 5554 etc.
