4754 6184
118 123 135 180 l

125 345 199 424 tat
710 338 1139 430 urts‘routltutu

126 509 580 616 illustrissimoPrincrpi
592 515 812 608 etDomiuo,
829 518 1000 596 Domina
1009 515 1081 594 W
1076 517 1131 592 il-

132 617 284 696 ltslmo
302 617 555 721 Landgravt'o
567 623 746 710 Hassias,
769 615 909 698 Comiti
923 627 964 698 ia
978 619 1131 698 Causea

185 722 425 820 Eleuhagan,
451 721 687 820 Zr'g‘ealaain,
710 723 847 804 ltlidda
863 737 894 800 el
913 725 1010 800 Dies
1029 733 1091 800 alc·

238 823 411 927 Principi
428 837 461 900 ct
476 825 645 902 Domino
667 855 735 902 suo
752 829 1033 904 clementissimo

135 947 188 1040 S.
215 959 259 1036 D.
313 957 556 1034 lllustrissime
588 978 624 1036 et
651 959 923 1038 clementissime
949 963 1131 1058 Princeps.

137 1063 215 1139 Scit
235 1061 420 1136 Celsitudo
442 1079 557 1136 vestra
578 1069 810 1138 neeessariam
834 1091 908 1138 esse
930 1068 1132 1139 considera-

136 1167 273 1241 tionem
286 1167 492 1258 regionum,
518 1181 558 1238 ot
573 1171 725 1240 sciamus
743 1171 782 1239 in
800 1171 931 1266 quibus
954 1171 1040 1240 locis
1063 1170 1132 1238 im-

135 1270 234 1364 peria
249 1265 346 1340 Deus
362 1270 529 1340 ordinare
545 1265 572 1363 ¹)
589 1273 830 1355 constituerit,
857 1275 920 1344 ubi
936 1286 970 1343 et
985 1274 1130 1366 quando

136 1395 175 1443 se
190 1371 409 1464 patefecerit,
436 1371 474 1440 in
492 1373 621 1465 quibus
637 1375 724 1445 locis
739 1399 802 1445 ceu
820 1375 964 1466 vestigia
983 1399 1047 1444 sua
1064 1373 1131 1442 im-

136 1473 304 1568 presserit
318 1497 358 1543 ae
372 1475 574 1544 testimonia
590 1478 795 1558 ostenderit,
822 1489 862 1548 ut
884 1501 983 1547 stram
999 1477 1133 1546 doctri-

137 1600 223 1646 nam
256 1576 407 1646 sciamus
434 1599 553 1646 veram
588 1603 661 1648 esse
696 1593 731 1650 et
763 1605 841 1648 eom
868 1579 1133 1672 amplectamur.

138 1677 257 1750 Utiles
272 1691 354 1747 sunt
365 1678 474 1768 igitur
488 1679 629 1749 tabulae
639 1677 957 1773 cosmographicae,
973 1705 1014 1750 ac
1031 1704 1133 1772 prae-

136 1780 260 1850 sertim
276 1781 351 1850 eius
367 1795 491 1866 terrae,
514 1781 554 1849 in
570 1807 639 1876 qua
657 1805 694 1853 se
709 1781 806 1854 Deos
822 1785 1019 1854 illustribus
1034 1782 1133 1851 testi-

134 1881 272 1951 moniis
287 1881 459 1974 patesecit.
510 1879 601 1954 Cum
622 1885 729 1976 igitur
745 1881 784 1954 T
783 1883 994 1955 ilemannus
1011 1877 1131 1953 Stella

133 1981 294 2072 Sigensis
312 1983 464 2054 ediderit
479 1986 638 2056 tabulam
661 1989 774 2057 exitus
789 2012 830 2057 ex
848 1987 1005 2082 Aegypto
1022 1999 1056 2058 et
1068 2011 1133 2077 op-

133 2086 309 2178 pidorum
329 2083 548 2156 Palaestinae
564 2084 612 2184 ²),
646 2111 719 2158 non
742 2090 888 2174 dubito,
918 2089 1131 2162 Celsitudini

134 2200 276 2258 vestrae
293 2180 389 2256 huuc
404 2187 560 2257 laborem
577 2191 790 2280 placiturum
808 2215 890 2266 esse.
928 2189 998 2264 Sed
1015 2203 1131 2261 tamen

134 2288 226 2381 quia
245 2288 363 2356 literas
383 2311 474 2358 ame
494 2289 684 2380 flagitavit,
710 2293 864 2364 libenter
877 2294 920 2364 ad
937 2291 1134 2364 Celsitudi-

136 2413 226 2459 nem
243 2401 393 2459 vestram
411 2391 555 2482 scripsi,
581 2393 663 2486 quia
681 2407 715 2466 et
730 2395 802 2465 scio
819 2411 852 2466 et
869 2397 1004 2484 gaudeo
1020 2393 1133 2466 Celsi·

137 2491 306 2564 tudinem
333 2503 484 2560 vestram
514 2493 710 2585 intelligere
738 2493 866 2575 hanam
890 2499 1132 2569 doctrinarum

139 2595 277 2675 fontes,
302 2604 337 2662 et
359 2593 474 2663 studia
495 2595 647 2666 libenter
662 2599 796 2669 iuvare.
850 2597 992 2688 Quaeso
1014 2598 1134 2690 igitur,

140 2709 183 2764 ut
199 2709 234 2766 et
248 2689 356 2764 huius
365 2687 402 2763 Τ
403 2691 587 2765 ilemauni
600 2701 756 2770 tabulam
768 2702 978 2787 consideret,
1002 2714 1036 2772 et
1055 2723 1134 2770 com

141 2797 213 2866 iarn
237 2797 428 2867 editionem
452 2813 549 2889 paret
570 2803 728 2887 tabulae,
753 2803 883 2897 inqua
906 2803 1135 2874 Germaniam

146 2911 255 2968 totam
281 2900 474 2984 describet,
516 2901 631 2972 lavere
654 2927 690 2972 se
720 2899 803 2974 huic
826 2907 938 2976 labori
962 2906 1135 2976 ostendat.

147 2997 243 3070 Bene
266 3013 300 3070 et
318 2999 493 3074 foeliciter
513 3004 627 3074 valeat
642 3003 732 3075 Cels.
749 3021 875 3082 vestra.
927 3005 993 3078 Die
1014 3007 1137 3102 aequi·

149 3103 257 3174 noctii
273 3102 374 3174 verni
389 3122 482 3173 anno
503 3101 613 3181 1555.
664 3105 895 3178 Celsitudinis
914 3125 1049 3180 vestrae

799 3209 932 3283 Servus

658 3307 753 3381 Phili
758 3336 847 3406 ppus
862 3308 1088 3385 Melanthon.

1005 3501 1134 3516 m

148 3605 219 3681 No.
235 3607 349 3684 5176.
452 3663 458 3670 .

152 3703 327 3734 Μ

451 3779 546 3866 Iac.
578 3781 840 3896 Borucngo.

219 3937 296 4006 etta
312 3937 476 3998 collectione
490 3941 620 4000 Ballenst.
638 3943 700 3998 vot.
715 3943 737 4000 l.
800 3947 843 4002 17.
865 3945 910 4016 qui
930 3965 989 4002 eam
1004 3945 1146 4018 descripsit

257 4025 289 4062 ιι
303 4011 487 4134 autogpappo,
513 4013 588 4084 quod
606 4013 657 4068 luit
672 4016 744 4086 apud
784 4035 826 4072 er.
839 4015 1046 4070 Bernbnrdnm
1062 4015 1146 4070 aaa·

253 4080 342 4148 veel,
393 4119 402 4140 .

445 4119 453 4138 .
472 4081 634 4138 Ministrntn
653 4081 777 4138 llambnr
795 4085 851 4142 .ad
864 4085 890 4140 d.
906 4084 996 4144 Nicol.
1033 4084 1147 4142 Contuli

255 4145 336 4201 etiam
349 4165 443 4221 apogr.
458 4147 487 4202 in
502 4150 564 4205 cod.
578 4149 665 4205 Paris·
683 4153 719 4208 D.
732 4151 762 4212 L.
778 4103 813 4208 lt

152 4275 424 4356 Melantlsouis
458 4283 615 4382 epistola
647 4283 704 4360 ad
733 4285 762 4360 I
766 4315 829 4366 ac.
862 4285 1148 4378 Bardinum,

151 4379 483 4489 [Bardingum]
496 4385 693 4462 Ductorem
709 4390 998 4482 actisMedicae,
1019 4393 1151 4494 ἀρχια-

374 4487 465 4587 τρόν
481 4489 616 4587 inclyti
630 4489 749 4590 Regis
763 4493 932 4572 Durriae.

154 4612 369 4701 clarissime
394 4629 450 4697 vir
473 4641 510 4698 et
532 4631 711 4702 carissime
739 4633 858 4708 trater.
909 4632 959 4706 Et
982 4636 1093 4706 debeo
1119 4651 1152 4706 et

157 4723 275 4800 habeo
290 4729 356 4798 tibi
379 4731 545 4820 gratiam,
571 4735 666 4826 quod
684 4735 727 4804 de
743 4737 872 4822 literis,
898 4761 986 4832 quas
1001 4731 1152 4806 Mardi-

157 4828 217 4902 sio
231 4823 271 4927 ⁹)
293 4833 338 4902 ad
361 4845 394 4902 te
414 4834 599 4917 dederam,
631 4837 719 4906 adeo
744 4853 904 4908 amanter
928 4841 1154 4932 respondisti,

158 4947 200 5004 ut
215 4933 344 5025 pignus
367 4949 399 5006 te
416 4949 606 5030 perpetuae
623 4959 704 5027 erga
721 4963 778 5010 me
803 4940 1064 5012 benivolentiae
1087 4943 1154 5012 rni-

157 5071 361 5088 —-

198 5133 227 5267 il
245 5133 1158 5282 ltttttfsttttttttla:ul{litttlfltttttt'tt.

235 5267 262 5324 cl.
279 5271 319 5322 10.
332 5267 399 5322 Maii
413 5275 441 5321 et
456 5269 482 5322 d.
497 5273 537 5326 14.
551 5269 604 5326 tol.
620 5271 695 5326 1552.

200 5341 231 5406 ⁸)
251 5337 309 5406 Qui
322 5338 465 5390 cotoitattu
479 5337 565 5390 lueret
579 5343 731 5414 Angustum
746 5340 794 5398 l’r.
811 5339 964 5398 Electorem
981 5343 1158 5414 proficiscen-

236 5415 290 5460 tem
306 5421 398 5458 metue
414 5405 535 5472 Angusto
554 5407 627 5462 1557.
647 5407 676 5462 ἱιι
692 5409 818 5468 Danians.
843 5441 877 5454 -·
918 5411 1068 5482 Epistolarn
1088 5413 1160 5466 Bor·

238 5475 312 5542 diogi
334 5471 497 5552 Melantbon
514 5487 628 5530 exeunte
650 5479 777 5534 ianuario
799 5489 939 5552 acceperat
956 5491 984 5534 st
1000 5479 1027 5536 sl.
1042 5485 1064 5536 t.
1080 5480 1162 5536 Febr.

239 5541 349 5596 miserat
362 5539 517 5596 Caritas-acta
531 5551 557 5594 et
573 5543 739 5602 Mordiaioo.

169 5621 348 5687 blerana.
379 5619 483 5686 Orra-
509 5619 593 5690 Vos..
619 5617 682 5690 ΙΧ.

972 3625 1206 3744 Q'.

1189 341 1299 422 tta.
1322 339 1424 418 xttt.
1475 337 1608 424 1558.
2103 351 2184 438 lec·

1187 518 1272 590 sisse
1294 513 1463 593 iudicem.
1513 513 1672 593 Ecclesia
1695 545 1769 594 non
1795 524 1903 617 paulo
1925 524 2050 600 minas
2061 527 2181 614 delor-

1186 621 1255 692 mis
1278 635 1385 706 esset,
1418 621 1448 691 si
1472 622 1592 714 plures
1614 626 1728 696 nostri
1752 625 1866 718 gregis
1889 628 2178 702 coniunctionem

1185 723 1281 796 inter
1295 747 1370 796 sese
1386 737 1582 800 tuerentur.
1622 726 1694 798 Sed
1710 729 1825 822 qualis
1840 728 1886 802 sit
1898 731 2015 802 rabies
2031 733 2070 802 in
2085 733 2180 804 mul-

1184 828 1251 914 tis,
1276 827 1395 909 vides,
1419 827 1485 924 ‘qui
1507 827 1592 926 odia
1614 829 1833 918 incendunt,
1858 857 1949 926 quae
1969 847 2003 905 et
2026 857 2090 927 per
2105 857 2179 906 sese

1185 929 1315 1000 iniusta
1331 943 1434 1016 sunt,
1460 943 1495 1002 et
1518 930 1719 1024 impediunt
1734 934 1911 1029 colloquia
1929 937 1974 1006 de
1990 935 2128 1028 magnis
2145 949 2179 1008 et

1184 1033 1390 1102 necessariis
1409 1033 1527 1104 rebus.
1586 1031 1673 1105 Tuli
1695 1035 1845 1106 iniurias
1875 1037 1991 1110 illatas
2013 1061 2033 1108 a
2055 1037 2178 1110 multis

1184 1128 1251 1204 hos
1273 1134 1417 1225 triginta
1440 1157 1574 1216 annos,
1597 1149 1633 1207 et
1647 1161 1705 1207 me
1720 1137 1932 1211 conscientia
1952 1140 2031 1232 piae
2047 1141 2177 1211 volun-

1185 1236 1267 1308 tatis
1287 1251 1321 1308 et
1342 1237 1485 1307 iudiciis
1506 1238 1733 1332 aequioribus
1754 1241 1952 1334 sapientum
1976 1241 2178 1314 consolatus

1183 1361 1274 1414 sum.
1327 1337 1463 1410 Interea
1486 1341 1716 1428 docentibus,
1749 1359 1923 1437 quantum
1946 1347 2067 1438 potui,
2103 1367 2177 1414 ser-

1183 1440 1270 1514 vivi.
1312 1436 1478 1534 Optarim
1495 1457 1624 1529 autent,
1649 1445 1764 1514 bonos
1780 1460 1816 1517 et
1830 1449 1954 1518 doctos
1967 1447 2063 1518 viros
2077 1467 2186 1538 posse·

1184 1543 1342 1638 colloqui
1364 1546 1408 1614 de
1424 1545 1638 1638 quibusdam
1653 1549 1778 1634 rebus,
1804 1573 1955 1642 quarum
1972 1548 2177 1642 explicatio-

1184 1667 1267 1714 nem
1301 1669 1374 1716 esse
1408 1647 1639 1717 necessariam
1672 1650 1745 1720 scio
1778 1663 1813 1720 te
1839 1675 1982 1745 quoque
2009 1651 2179 1724 iudicare.

1184 1745 1254 1818 Sed
1276 1741 1362 1818 ltaec
1379 1749 1527 1820 consilia
1550 1747 1796 1842 impediuntur
1820 1753 2035 1824 clamoribus
2057 1753 2180 1822 ineru-

1184 1850 1352 1923 ditorum.
1405 1845 1483 1922 Oro
1507 1865 1624 1923 autem
1647 1853 1760 1924 filium
1786 1853 1873 1940 Dei,
1904 1868 1945 1926 nt
1967 1879 2070 1946 opem
2092 1853 2180 1923 ierat

1184 1947 1361 2022 Ecclesiae
1384 1956 1489 2024 nobis
1505 1949 1533 2048 ι)
1556 1955 1595 2023 in
1620 1978 1672 2024 ea.
1731 1955 1786 2027 Te
1809 1979 1952 2050 quoque
1972 1979 2055 2040 oro,
2091 1979 2137 2026 ne
2153 1950 2182 2046 ²)

1185 2055 1469 2124 benevolentiam
1484 2077 1564 2145 erga
1577 2081 1637 2125 me
1653 2071 1750 2128 tuam
1771 2058 1929 2148 extingui
1952 2060 2058 2128 sinas.
2110 2053 2180 2128 B·-

1185 2179 1229 2224 ne
1242 2169 1278 2226 et
1294 2155 1443 2228 feliciter
1458 2159 1547 2232 vale.
1597 2156 1667 2228 Die
1682 2161 1899 2255 aequinoctii
1916 2161 2029 2236 verul.

1193 2344 1383 2358 -m

1195 2456 1262 2528 No.
1275 2455 1391 2533 6477.

1191 2555 1405 2594 Μ

1540 2625 1651 2742 Cplt·
1681 2625 1834 2714 Luto.

1258 2788 1282 2859 †
1300 2785 1439 2862 Exapogn
1453 2785 1484 2842 in
1494 2785 1558 2846 cod.
1572 2785 1658 2846 Paris.
1678 2785 1759 2844 1).1..
1773 2787 1835 2846 54⁸.

1215 2891 1565 3028 Cltrisloplsoro
1597 2921 1760 3015 Libia,
1793 2921 1950 3000 Pastori
1971 2923 2161 3002 Ecclesiae

1489 3023 1881 3126 Braudcnburgensis.

2019 2477 2075 2538 ta.
2091 2465 2182 2534 uun.

2011 2557 2180 2590 m

1175 3223 1178 3232 .
1191 3148 1240 3237 S.
1254 3157 1300 3230 D.
1332 3155 1541 3234 Reverendo
1554 3163 1611 3232 vir
1624 3175 1658 3232 et
1673 3164 1792 3238 cariss.
1809 3163 1929 3240 frater.
1960 3161 2069 3236 Mitto
2085 3167 2187 3238 vobis

1193 3263 1350 3356 exempla
1371 3264 1543 3338 orationis
1560 3265 1604 3336 de
1618 3257 1887 3351 Nosiauacuo,
1909 3291 2014 3362 quam
2036 3269 2189 3342 libenter

1106 3419 1113 3426 -
1193 3390 1257 3438 vos
1278 3365 1432 3438 lecturos
1457 3391 1530 3438 esse
1548 3369 1722 3454 arbitror,
1747 3369 1832 3462 quia
1855 3367 1990 3462 pictura
2017 3385 2068 3441 est
2085 3395 2189 3466 prae-
2236 3425 2241 3434 .

1193 3467 1348 3540 sentium
1370 3471 1622 3556 certaminum,
1648 3467 1697 3540 Et
1719 3471 1876 3572 exempla
1898 3494 1962 3542 nos
1988 3466 2189 3565 hortantur,

1195 3585 1236 3641 ut
1249 3567 1383 3640 similes
1397 3595 1585 3642 aerumnas
1601 3573 1711 3662 magis
1729 3573 1866 3666 placide
1882 3571 2047 3644 seranus.
2101 3569 2189 3646 Acta

1196 3697 1235 3742 ιιι
1254 3671 1342 3740 urbe
1357 3669 1584 3764 Vangionum
1609 3687 1643 3746 et
1664 3673 1752 3742 alias
1774 3677 1944 3766 quasdam
1961 3670 2190 3746 deliberatio-

1196 3797 1259 3842 nes
1289 3795 1408 3842 coram
1438 3797 1630 3866 exponam,
1662 3799 1753 3868 quae
1784 3771 1953 3846 hactenus
1979 3775 2046 3844 iter
2071 3767 2190 3867 meurp

1198 3887 1393 3944 remoratae
1406 3891 1500 3946 sunt.
1552 3871 1657 3946 Nune
1673 3867 1863 3972 Staphyla
1886 3877 2103 3968 respondeo,
2128 3877 2192 3972 qui

1181 3975 1338 4049 ,addidit
1354 3971 1564 4048 horribilem
1579 3977 1865 4050 criminationem
1884 3979 2052 4050 adversus
2069 3976 2193 4050 Eccle-

1199 4080 1269 4148 sias
1291 4091 1440 4152 nostras.
1491 4077 1565 4148 Nec
1590 4075 1789 4150 doctrinam
1813 4103 1913 4151 suam
1940 4082 2103 4172 exponit,
2130 4083 2193 4152 sed

1200 4205 1242 4252 ex
1255 4181 1390 4250 nostris
1405 4181 1555 4273 excerpit
1574 4177 1797 4280 ἀντιλογίας,
1822 4183 1860 4252 iu
1876 4183 2056 4277 quibus'et
2072 4197 2194 4256 nostra

1200 4284 1294 4354 dicta
1324 4283 1511 4352 virulentis
1535 4284 1724 4353 calumniis
1749 4285 1937 4375 depravat,
1970 4298 2005 4353 et
2033 4285 2194 4373 adiungit

1203 4385 1314 4458 multa
1328 4383 1525 4456 mendacia.
1560 4377 1721 4474 Passus,
1746 4388 1809 4480 qui
1827 4389 1937 4457 lactus
1950 4387 2065 4456 luerat
2082 4379 2196 4467 κόλαξ

1203 4485 1402 4575 Augustani
1421 4483 1588 4580 Episcopi
1605 4512 1726 4559 recens
1745 4513 1818 4558 nou
1836 4487 1957 4578 procul
1974 4483 2019 4554 ab
2036 4481 2195 4590 Augusta

1202 4583 1312 4661 Rbeti
1370 4589 1414 4658 ab
1430 4589 1529 4658 ebrio
1544 4591 1657 4671 milite
1675 4590 1878 4659 interiectus
1892 4601 1953 4656 est.
2006 4585 2196 4658 Prec'e'mur

1205 4613 1402 4760 ttiumitei
1418 4691 1605 4762 dominum
1624 4705 1784 4762 nostrum
1799 4685 1916 4760 lesum
1930 4682 2134 4776 Christum,
2160 4701 2197 4762 et

1204 4805 1246 4864 ut
1269 4815 1334 4862 nos
1356 4793 1528 4884 gubernet
1551 4817 1591 4864 ac
1613 4805 1789 4886 protegat,
1814 4805 1848 4860 et
1865 4805 1905 4862 ut
1924 4791 2196 4864 calumniatores

1206 4909 1241 4966 et
1263 4895 1545 4986 praestigiatores
1566 4895 1747 4984 reprimat.
1799 4891 1896 4964 Bene
1910 4895 2000 4966 vale.
2052 4891 2119 4964 Die
2138 4893 2196 4970 ts.

1209 4995 1333 5070 Martii
1351 4992 1469 5095 [anno
1488 4989 1619 5094 1557]
1638 4993 1672 5088 l)
1714 4993 1872 5066 Salutem
1890 4995 2032 5084 collegis
2049 5009 2081 5064 et
2099 4995 2200 5068 vobis

1209 5100 1378 5170 omnibus
1395 5112 1490 5191 opto.
1950 5093 2151 5192 Philippus.

1210 5219 1426 5238 m

1247 5277 1276 5343 1)
1294 5275 1386 5346 aobr's]
1404 5271 1473 5330 Ball.
1486 5275 1587 5340 maists,
1604 5289 1635 5326 er
1649 5269 1761 5339 mendp.

1246 5344 1275 5412 2)
1292 5361 1330 5428 ue
1345 5343 1408 5412 etn]
1424 5341 1487 5397 cod.
1501 5341 1586 5396 Paris.
1605 5349 1636 5393 nt
1654 5355 1713 5392 aaa
1727 5339 1856 5407 extingui
1868 5341 1964 5396 densa.
1982 5357 2053 5407 erga
2064 5358 2110 5395 me
2124 5351 2205 5396 tuam

1247 5427 1408 5550 *lud'ddlsm
1422 5480 1501 5534 uncis
1513 5473 1626 5544 inclusit
1643 5495 1706 5532 nam
1720 5475 1804 5530 dubio
1818 5485 1902 5546 caret,
1919 5479 2060 5548 epistolam
2076 5477 2204 5548 scrbtant

1286 5568 1343 5604 etas
1362 5565 1436 5604 ιιιιιο
1452 5547 1527 5604 15511.

1570 5619 1616 5690 51
