<?xml version="1.0" encoding="UTF-8"?>
<!DOCTYPE html PUBLIC "-//W3C//DTD XHTML 1.0 Transitional//EN"
    "http://www.w3.org/TR/xhtml1/DTD/xhtml1-transitional.dtd">
<html xmlns="http://www.w3.org/1999/xhtml" xml:lang="en" lang="en">
 <head>
  <title>
</title>
<meta http-equiv="Content-Type" content="text/html;charset=utf-8" />
  <meta name='ocr-system' content='tesseract 3.04.00' />
  <meta name='ocr-capabilities' content='ocr_page ocr_carea ocr_par ocr_line ocrx_word'/>
</head>
<body>
  <div class='ocr_page' id='page_1' title='image "./philippimelanth06bindgoog_0050.png"; bbox 0 0 4730 6176; ppageno 0'>
   <div class='ocr_carea' id='block_1_1' title="bbox 175 255 224 332">
    <p class='ocr_par' dir='ltr' id='par_1_1' title="bbox 175 255 224 332">
     <span class='ocr_line' id='line_1_1' title="bbox 175 255 224 332; baseline 0 0"><span class='ocrx_word' id='word_1_1' title='bbox 175 255 224 332; x_wconf 80' lang='lat'><strong>55</strong></span> 
     </span>
    </p>
   </div>
   <div class='ocr_carea' id='block_1_2' title="bbox 179 421 1176 588">
    <p class='ocr_par' dir='ltr' id='par_1_2' title="bbox 179 421 1176 588">
     <span class='ocr_line' id='line_1_2' title="bbox 179 421 1176 506; baseline 0.005 -19"><span class='ocrx_word' id='word_1_2' title='bbox 179 430 218 488; x_wconf 89' lang='lat' dir='ltr'><strong>de</strong></span> <span class='ocrx_word' id='word_1_3' title='bbox 250 428 311 486; x_wconf 89' lang='lat' dir='ltr'><strong>ullo</strong></span> <span class='ocrx_word' id='word_1_4' title='bbox 340 442 441 485; x_wconf 90' lang='lat' dir='ltr'><strong>errore</strong></span> <span class='ocrx_word' id='word_1_5' title='bbox 468 421 616 480; x_wconf 86' lang='lat' dir='ltr'><strong>admonita</strong></span> <span class='ocrx_word' id='word_1_6' title='bbox 641 437 697 479; x_wconf 89' lang='lat' dir='ltr'><strong>uec</strong></span> <span class='ocrx_word' id='word_1_7' title='bbox 726 421 879 500; x_wconf 89' lang='lat' dir='ltr'><strong>quicquam</strong></span> <span class='ocrx_word' id='word_1_8' title='bbox 899 423 965 484; x_wconf 86' lang='lat' dir='ltr'><strong>ialsi</strong></span> <span class='ocrx_word' id='word_1_9' title='bbox 986 429 1176 506; x_wconf 79' lang='lat' dir='ltr'><strong>pertinaciter</strong></span> 
     </span>
     <span class='ocr_line' id='line_1_3' title="bbox 179 503 1176 588; baseline 0.006 -16"><span class='ocrx_word' id='word_1_10' title='bbox 179 511 331 587; x_wconf 73' lang='lat' dir='ltr'><strong>defendit,</strong></span> <span class='ocrx_word' id='word_1_11' title='bbox 366 525 462 588; x_wconf 89' lang='lat' dir='ltr'><strong>aequa</strong></span> <span class='ocrx_word' id='word_1_12' title='bbox 491 517 522 565; x_wconf 90' lang='lat' dir='ltr'><strong>et</strong></span> <span class='ocrx_word' id='word_1_13' title='bbox 548 505 597 582; x_wconf 89' lang='lat' dir='ltr'><strong>pia</strong></span> <span class='ocrx_word' id='word_1_14' title='bbox 624 506 684 563; x_wconf 85' lang='lat' dir='ltr'><strong>risa</strong></span> <span class='ocrx_word' id='word_1_15' title='bbox 710 503 810 565; x_wconf 87' lang='lat' dir='ltr'><strong>luerit.</strong></span> <span class='ocrx_word' id='word_1_16' title='bbox 869 508 967 570; x_wconf 85' lang='lat' dir='ltr'><strong>Offert</strong></span> <span class='ocrx_word' id='word_1_17' title='bbox 988 515 1065 574; x_wconf 88' lang='lat' dir='ltr'><strong>enim</strong></span> <span class='ocrx_word' id='word_1_18' title='bbox 1087 536 1119 578; x_wconf 89' lang='lat' dir='ltr'><strong>se</strong></span> <span class='ocrx_word' id='word_1_19' title='bbox 1140 536 1176 577; x_wconf 90' lang='lat' dir='ltr'><strong>ea</strong></span> 
     </span>
    </p>
   </div>
   <div class='ocr_carea' id='block_1_3' title="bbox 741 245 1660 360">
    <p class='ocr_par' dir='ltr' id='par_1_3' title="bbox 741 245 1660 360">
     <span class='ocr_line' id='line_1_4' title="bbox 741 245 1660 360; baseline 0.039 -40"><span class='ocrx_word' id='word_1_20' title='bbox 741 245 1178 334; x_wconf 85' lang='lat' dir='ltr'><strong>EPISTOLARUM</strong></span> <span class='ocrx_word' id='word_1_21' title='bbox 1228 264 1334 338; x_wconf 89' lang='lat' dir='ltr'><strong>LlB.</strong></span> <span class='ocrx_word' id='word_1_22' title='bbox 1367 266 1470 346; x_wconf 92' lang='lat' dir='ltr'><strong>Xlll.</strong></span> <span class='ocrx_word' id='word_1_23' title='bbox 1524 275 1660 360; x_wconf 75' lang='lat' dir='ltr'><strong>teor.</strong></span> 
     </span>
    </p>
   </div>
   <div class='ocr_carea' id='block_1_4' title="bbox 2166 301 2240 418">
    <p class='ocr_par' dir='ltr' id='par_1_4' title="bbox 2166 301 2240 418">
     <span class='ocr_line' id='line_1_5' title="bbox 2166 301 2240 418; baseline 0.027 -42"><span class='ocrx_word' id='word_1_24' title='bbox 2166 301 2240 418; x_wconf 79' lang='lat' dir='ltr'><strong>so</strong></span> 
     </span>
    </p>
   </div>
   <div class='ocr_carea' id='block_1_5' title="bbox 1226 437 2228 624">
    <p class='ocr_par' dir='ltr' id='par_1_5' title="bbox 1226 437 2228 624">
     <span class='ocr_line' id='line_1_6' title="bbox 1226 437 2228 550; baseline 0.042 -52"><span class='ocrx_word' id='word_1_25' title='bbox 1226 437 1421 502; x_wconf 87' lang='lat' dir='ltr'><strong>Ecclesiarum</strong></span> <span class='ocrx_word' id='word_1_26' title='bbox 1443 454 1555 508; x_wconf 88' lang='lat' dir='ltr'><strong>tanturn</strong></span> <span class='ocrx_word' id='word_1_27' title='bbox 1577 453 1629 512; x_wconf 89' lang='lat' dir='ltr'><strong>sibi</strong></span> <span class='ocrx_word' id='word_1_28' title='bbox 1650 458 1893 542; x_wconf 69' lang='lat' dir='ltr'><strong>commissionem,</strong></span> <span class='ocrx_word' id='word_1_29' title='bbox 1913 477 1948 527; x_wconf 90' lang='lat' dir='ltr'><strong>ut</strong></span> <span class='ocrx_word' id='word_1_30' title='bbox 1963 483 2081 550; x_wconf 81' lang='lat' dir='ltr'><strong>vocant,</strong></span> <span class='ocrx_word' id='word_1_31' title='bbox 2109 474 2228 540; x_wconf 84' lang='lat' dir='ltr'><strong>dedisse</strong></span> 
     </span>
     <span class='ocr_line' id='line_1_7' title="bbox 1226 522 2225 624; baseline 0.042 -43"><span class='ocrx_word' id='word_1_32' title='bbox 1226 522 1266 582; x_wconf 94' lang='lat' dir='ltr'><strong>de</strong></span> <span class='ocrx_word' id='word_1_33' title='bbox 1285 527 1416 601; x_wconf 89' lang='lat' dir='ltr'><strong>personis</strong></span> <span class='ocrx_word' id='word_1_34' title='bbox 1437 533 1622 596; x_wconf 78' lang='lat' dir='ltr'>conciliandis</span> <span class='ocrx_word' id='word_1_35' title='bbox 1644 559 1698 620; x_wconf 88' lang='lat' dir='ltr'><strong>per</strong></span> <span class='ocrx_word' id='word_1_36' title='bbox 1720 547 1904 624; x_wconf 81' lang='lat' dir='ltr'><strong>adiaphoricrr</strong></span> <span class='ocrx_word' id='word_1_37' title='bbox 1922 559 2083 616; x_wconf 83' lang='lat' dir='ltr'><strong>certamina</strong></span> <span class='ocrx_word' id='word_1_38' title='bbox 2102 577 2225 621; x_wconf 85' lang='lat' dir='ltr'><strong>exacer-</strong></span> 
     </span>
    </p>
   </div>
   <div class='ocr_carea' id='block_1_6' title="bbox 177 589 2120 702">
    <p class='ocr_par' dir='ltr' id='par_1_6' title="bbox 177 589 2120 702">
     <span class='ocr_line' id='line_1_8' title="bbox 177 589 2120 702; baseline 0.023 -56"><span class='ocrx_word' id='word_1_39' title='bbox 177 615 262 676; x_wconf 68' lang='lat' dir='ltr'><strong>pars,</strong></span> <span class='ocrx_word' id='word_1_40' title='bbox 293 594 373 676; x_wconf 87' lang='lat' dir='ltr'><strong>quod</strong></span> <span class='ocrx_word' id='word_1_41' title='bbox 393 595 433 652; x_wconf 88' lang='lat' dir='ltr'><strong>ita</strong></span> <span class='ocrx_word' id='word_1_42' title='bbox 453 593 484 650; x_wconf 91' lang='lat' dir='ltr'><strong>in</strong></span> <span class='ocrx_word' id='word_1_43' title='bbox 508 590 643 650; x_wconf 84' lang='lat' dir='ltr'><strong>tollendis</strong></span> <span class='ocrx_word' id='word_1_44' title='bbox 665 589 722 649; x_wconf 90' lang='lat' dir='ltr'><strong>suis</strong></span> <span class='ocrx_word' id='word_1_45' title='bbox 742 589 821 651; x_wconf 83' lang='lat' dir='ltr'><strong>salsis</strong></span> <span class='ocrx_word' id='word_1_46' title='bbox 842 598 993 654; x_wconf 89' lang='lat' dir='ltr'><strong>sententiis</strong></span> <span class='ocrx_word' id='word_1_47' title='bbox 1014 617 1046 659; x_wconf 89' lang='lat' dir='ltr'><strong>se</strong></span> <span class='ocrx_word' id='word_1_48' title='bbox 1068 621 1175 678; x_wconf 83' lang='lat' dir='ltr'><strong>gerere</strong></span> <span class='ocrx_word' id='word_1_49' title='bbox 1226 609 1312 684; x_wconf 88' lang='lat' dir='ltr'><strong>batis,</strong></span> <span class='ocrx_word' id='word_1_50' title='bbox 1341 628 1394 688; x_wconf 91' lang='lat' dir='ltr'><strong>eo,</strong></span> <span class='ocrx_word' id='word_1_51' title='bbox 1422 617 1501 692; x_wconf 91' lang='lat' dir='ltr'><strong>quod</strong></span> <span class='ocrx_word' id='word_1_52' title='bbox 1521 621 1652 698; x_wconf 78' lang='lat' dir='ltr'><strong>ingentia</strong></span> <span class='ocrx_word' id='word_1_53' title='bbox 1673 628 1790 691; x_wconf 59' lang='lat' dir='ltr'><strong>daridis,</strong></span> <span class='ocrx_word' id='word_1_54' title='bbox 1809 635 1839 694; x_wconf 76' lang='lat' dir='ltr'><strong>in</strong></span> <span class='ocrx_word' id='word_1_55' title='bbox 1862 637 1992 700; x_wconf 51' lang='lat' dir='ltr'><strong>&amp;0105st</strong></span> <span class='ocrx_word' id='word_1_56' title='bbox 2013 643 2120 702; x_wconf 55' lang='lat' dir='ltr'><strong>christi</strong></span> 
     </span>
    </p>
   </div>
   <div class='ocr_carea' id='block_1_7' title="bbox 179 677 1377 772">
    <p class='ocr_par' dir='ltr' id='par_1_7' title="bbox 179 677 1377 772">
     <span class='ocr_line' id='line_1_9' title="bbox 179 677 1377 772; baseline 0.009 -30"><span class='ocrx_word' id='word_1_57' title='bbox 179 684 264 758; x_wconf 83' lang='lat' dir='ltr'><strong>velit,</strong></span> <span class='ocrx_word' id='word_1_58' title='bbox 301 691 333 739; x_wconf 87' lang='grc' dir='ltr'><strong>ιιι</strong></span> <span class='ocrx_word' id='word_1_59' title='bbox 361 696 464 737; x_wconf 89' lang='lat' dir='ltr'><strong>omnes</strong></span> <span class='ocrx_word' id='word_1_60' title='bbox 491 677 570 734; x_wconf 91' lang='lat' dir='ltr'><strong>clare</strong></span> <span class='ocrx_word' id='word_1_61' title='bbox 597 685 734 752; x_wconf 83' lang='lat' dir='ltr'><strong>cernant,</strong></span> <span class='ocrx_word' id='word_1_62' title='bbox 768 695 800 736; x_wconf 84' lang='lat' dir='ltr'><strong>se</strong></span> <span class='ocrx_word' id='word_1_63' title='bbox 829 695 888 736; x_wconf 90' lang='lat' dir='ltr'><strong>non</strong></span> <span class='ocrx_word' id='word_1_64' title='bbox 909 699 1041 760; x_wconf 88' lang='lat' dir='ltr'><strong>pugnare</strong></span> <span class='ocrx_word' id='word_1_65' title='bbox 1063 685 1102 746; x_wconf 87' lang='lat' dir='ltr'><strong>de</strong></span> <span class='ocrx_word' id='word_1_66' title='bbox 1123 707 1175 748; x_wconf 88' lang='lat' dir='ltr'><strong>sua</strong></span> <span class='ocrx_word' id='word_1_67' title='bbox 1225 707 1377 772; x_wconf 75' lang='lat' dir='ltr'><strong>curentur,</strong></span> 
     </span>
    </p>
   </div>
   <div class='ocr_carea' id='block_1_8' title="bbox 166 757 1172 3064">
    <p class='ocr_par' dir='ltr' id='par_1_8' title="bbox 179 757 888 846">
     <span class='ocr_line' id='line_1_10' title="bbox 179 757 888 846; baseline -0.006 -20"><span class='ocrx_word' id='word_1_68' title='bbox 179 768 271 846; x_wconf 84' lang='lat' dir='ltr'><strong>gloria</strong></span> <span class='ocrx_word' id='word_1_69' title='bbox 291 775 341 824; x_wconf 85' lang='lat' dir='ltr'><strong>ant</strong></span> <span class='ocrx_word' id='word_1_70' title='bbox 364 757 544 846; x_wconf 73' lang='grc' dir='ltr'>ἀναμαριίᾳ</span> <span class='ocrx_word' id='word_1_71' title='bbox 566 775 617 819; x_wconf 84' lang='lat' dir='ltr'><strong>seu</strong></span> <span class='ocrx_word' id='word_1_72' title='bbox 639 761 888 840; x_wconf 72' lang='lat' dir='ltr'><strong>impeccabilitate.</strong></span> 
     </span>
    </p>

    <p class='ocr_par' dir='ltr' id='par_1_9' title="bbox 166 851 1172 3064">
     <span class='ocr_line' id='line_1_11' title="bbox 263 851 1172 952; baseline -0.002 -26"><span class='ocrx_word' id='word_1_73' title='bbox 263 865 408 938; x_wconf 81' lang='lat' dir='ltr'><strong>Quoniam</strong></span> <span class='ocrx_word' id='word_1_74' title='bbox 429 882 498 922; x_wconf 77' lang='lat' dir='ltr'><strong>uero</strong></span> <span class='ocrx_word' id='word_1_75' title='bbox 514 851 592 922; x_wconf 79' lang='lat' dir='ltr'><strong>¹baec</strong></span> <span class='ocrx_word' id='word_1_76' title='bbox 614 873 711 922; x_wconf 88' lang='lat' dir='ltr'><strong>nostra</strong></span> <span class='ocrx_word' id='word_1_77' title='bbox 732 863 889 942; x_wconf 87' lang='lat' dir='ltr'><strong>pacificatio</strong></span> <span class='ocrx_word' id='word_1_78' title='bbox 910 885 961 926; x_wconf 92' lang='lat' dir='ltr'><strong>seu</strong></span> <span class='ocrx_word' id='word_1_79' title='bbox 976 869 1070 930; x_wconf 86' lang='lat' dir='ltr'><strong>unitas</strong></span> <span class='ocrx_word' id='word_1_80' title='bbox 1083 891 1172 952; x_wconf 74' lang='lat' dir='ltr'><strong>prae.</strong></span> 
     </span>
     <span class='ocr_line' id='line_1_12' title="bbox 179 948 1172 1039; baseline -0.001 -26"><span class='ocrx_word' id='word_1_81' title='bbox 179 955 264 1031; x_wconf 88' lang='lat' dir='ltr'><strong>cipue</strong></span> <span class='ocrx_word' id='word_1_82' title='bbox 293 952 359 1010; x_wconf 90' lang='lat' dir='ltr'><strong>ideo</strong></span> <span class='ocrx_word' id='word_1_83' title='bbox 388 949 554 1026; x_wconf 87' lang='lat' dir='ltr'><strong>suscipitur,</strong></span> <span class='ocrx_word' id='word_1_84' title='bbox 591 949 675 1006; x_wconf 91' lang='lat' dir='ltr'><strong>utin</strong></span> <span class='ocrx_word' id='word_1_85' title='bbox 697 948 812 1007; x_wconf 90' lang='lat' dir='ltr'><strong>domino</strong></span> <span class='ocrx_word' id='word_1_86' title='bbox 833 971 923 1011; x_wconf 90' lang='lat' dir='ltr'><strong>unum</strong></span> <span class='ocrx_word' id='word_1_87' title='bbox 945 971 1026 1034; x_wconf 87' lang='lat' dir='ltr'><strong>esse,</strong></span> <span class='ocrx_word' id='word_1_88' title='bbox 1061 977 1172 1039; x_wconf 78' lang='lat' dir='ltr'><strong>nosque</strong></span> 
     </span>
     <span class='ocr_line' id='line_1_13' title="bbox 179 1031 1172 1114; baseline -0.002 -16"><span class='ocrx_word' id='word_1_89' title='bbox 179 1039 303 1098; x_wconf 84' lang='lat' dir='ltr'><strong>laricem</strong></span> <span class='ocrx_word' id='word_1_90' title='bbox 330 1033 360 1094; x_wconf 90' lang='lat' dir='ltr'><strong>in</strong></span> <span class='ocrx_word' id='word_1_91' title='bbox 390 1033 500 1093; x_wconf 84' lang='lat' dir='ltr'><strong>difficili</strong></span> <span class='ocrx_word' id='word_1_92' title='bbox 533 1031 692 1092; x_wconf 90' lang='lat' dir='ltr'><strong>ministerio</strong></span> <span class='ocrx_word' id='word_1_93' title='bbox 714 1033 864 1114; x_wconf 75' lang='lat' dir='ltr'><strong>Evangelii</strong></span> <span class='ocrx_word' id='word_1_94' title='bbox 886 1037 1013 1098; x_wconf 86' lang='lat' dir='ltr'><strong>fideliter</strong></span> <span class='ocrx_word' id='word_1_95' title='bbox 1034 1041 1172 1105; x_wconf 75' lang='lat' dir='ltr'><strong>adiurare</strong></span> 
     </span>
     <span class='ocr_line' id='line_1_14' title="bbox 180 1118 1171 1203; baseline 0 -21"><span class='ocrx_word' id='word_1_96' title='bbox 180 1135 211 1182; x_wconf 86' lang='lat' dir='ltr'><strong>et</strong></span> <span class='ocrx_word' id='word_1_97' title='bbox 233 1137 417 1200; x_wconf 87' lang='lat' dir='ltr'><strong>nequaquam</strong></span> <span class='ocrx_word' id='word_1_98' title='bbox 438 1118 582 1194; x_wconf 88' lang='lat' dir='ltr'><strong>impedire</strong></span> <span class='ocrx_word' id='word_1_99' title='bbox 599 1119 738 1195; x_wconf 89' lang='lat' dir='ltr'><strong>possimus</strong></span> <span class='ocrx_word' id='word_1_100' title='bbox 752 1137 784 1178; x_wconf 88' lang='lat' dir='ltr'><strong>ac</strong></span> <span class='ocrx_word' id='word_1_101' title='bbox 798 1133 932 1199; x_wconf 85' lang='lat' dir='ltr'><strong>prompte</strong></span> <span class='ocrx_word' id='word_1_102' title='bbox 945 1125 1084 1203; x_wconf 74' lang='lat' dir='ltr'><strong>velimus,</strong></span> <span class='ocrx_word' id='word_1_103' title='bbox 1106 1131 1171 1190; x_wconf 81' lang='lat' dir='ltr'><strong>ideo</strong></span> 
     </span>
     <span class='ocr_line' id='line_1_15' title="bbox 178 1201 1171 1283; baseline -0.005 -16"><span class='ocrx_word' id='word_1_104' title='bbox 178 1224 297 1266; x_wconf 89' lang='lat' dir='ltr'><strong>necesse</strong></span> <span class='ocrx_word' id='word_1_105' title='bbox 326 1217 387 1279; x_wconf 82' lang='lat' dir='ltr'><strong>est,</strong></span> <span class='ocrx_word' id='word_1_106' title='bbox 420 1201 506 1261; x_wconf 90' lang='lat' dir='ltr'><strong>simul</strong></span> <span class='ocrx_word' id='word_1_107' title='bbox 533 1204 610 1279; x_wconf 92' lang='lat' dir='ltr'><strong>piam</strong></span> <span class='ocrx_word' id='word_1_108' title='bbox 632 1205 776 1282; x_wconf 90' lang='lat' dir='ltr'><strong>quandam</strong></span> <span class='ocrx_word' id='word_1_109' title='bbox 797 1208 901 1283; x_wconf 86' lang='lat' dir='ltr'><strong>praxin</strong></span> <span class='ocrx_word' id='word_1_110' title='bbox 922 1209 1070 1270; x_wconf 84' lang='lat' dir='ltr'><strong>Ecclesiae</strong></span> <span class='ocrx_word' id='word_1_111' title='bbox 1091 1217 1171 1274; x_wconf 89' lang='lat' dir='ltr'><strong>salu.</strong></span> 
     </span>
     <span class='ocr_line' id='line_1_16' title="bbox 177 1287 1171 1372; baseline 0 -20"><span class='ocrx_word' id='word_1_112' title='bbox 177 1293 247 1351; x_wconf 85' lang='lat' dir='ltr'><strong>teris</strong></span> <span class='ocrx_word' id='word_1_113' title='bbox 275 1291 393 1350; x_wconf 87' lang='lat' dir='ltr'><strong>unitatis</strong></span> <span class='ocrx_word' id='word_1_114' title='bbox 420 1287 618 1366; x_wconf 76' lang='lat' dir='ltr'><strong>praeformari.</strong></span> <span class='ocrx_word' id='word_1_115' title='bbox 668 1289 755 1346; x_wconf 85' lang='lat' dir='ltr'><strong>Cuius</strong></span> <span class='ocrx_word' id='word_1_116' title='bbox 782 1289 859 1350; x_wconf 81' lang='lat' dir='ltr'><strong>sorte</strong></span> <span class='ocrx_word' id='word_1_117' title='bbox 887 1292 959 1352; x_wconf 91' lang='lat' dir='ltr'><strong>haec</strong></span> <span class='ocrx_word' id='word_1_118' title='bbox 988 1298 1081 1372; x_wconf 90' lang='lat' dir='ltr'><strong>capita</strong></span> <span class='ocrx_word' id='word_1_119' title='bbox 1107 1319 1171 1361; x_wconf 74' lang='lat' dir='ltr'><strong>esse</strong></span> 
     </span>
     <span class='ocr_line' id='line_1_17' title="bbox 178 1372 1170 1455; baseline 0.005 -19"><span class='ocrx_word' id='word_1_120' title='bbox 178 1386 313 1455; x_wconf 91' lang='lat' dir='ltr'><strong>possunt,</strong></span> <span class='ocrx_word' id='word_1_121' title='bbox 342 1385 374 1433; x_wconf 90' lang='lat' dir='ltr'><strong>ut</strong></span> <span class='ocrx_word' id='word_1_122' title='bbox 396 1375 622 1451; x_wconf 81' lang='lat' dir='ltr'><strong>quotiescunque</strong></span> <span class='ocrx_word' id='word_1_123' title='bbox 642 1372 744 1452; x_wconf 89' lang='lat' dir='ltr'><strong>aliquis</strong></span> <span class='ocrx_word' id='word_1_124' title='bbox 765 1376 964 1437; x_wconf 86' lang='lat' dir='ltr'><strong>vehementior</strong></span> <span class='ocrx_word' id='word_1_125' title='bbox 977 1398 1059 1440; x_wconf 88' lang='lat' dir='ltr'><strong>error</strong></span> <span class='ocrx_word' id='word_1_126' title='bbox 1071 1385 1170 1445; x_wconf 87' lang='lat' dir='ltr'><strong>maiori</strong></span> 
     </span>
     <span class='ocr_line' id='line_1_18' title="bbox 177 1457 1169 1534; baseline 0.006 -15"><span class='ocrx_word' id='word_1_127' title='bbox 177 1464 205 1519; x_wconf 84' lang='lat' dir='ltr'><strong>ui</strong></span> <span class='ocrx_word' id='word_1_128' title='bbox 227 1463 258 1519; x_wconf 90' lang='lat' dir='ltr'><strong>in</strong></span> <span class='ocrx_word' id='word_1_129' title='bbox 280 1459 438 1518; x_wconf 81' lang='lat' dir='ltr'><strong>Ecclesiam</strong></span> <span class='ocrx_word' id='word_1_130' title='bbox 452 1457 507 1516; x_wconf 91' lang='lat' dir='ltr'><strong>Dei</strong></span> <span class='ocrx_word' id='word_1_131' title='bbox 528 1459 704 1534; x_wconf 86' lang='lat' dir='ltr'><strong>incubuerit,</strong></span> <span class='ocrx_word' id='word_1_132' title='bbox 732 1478 832 1518; x_wconf 87' lang='lat' dir='ltr'><strong>ornnes</strong></span> <span class='ocrx_word' id='word_1_133' title='bbox 854 1463 881 1520; x_wconf 90' lang='lat' dir='ltr'><strong>ei</strong></span> <span class='ocrx_word' id='word_1_134' title='bbox 904 1465 1077 1526; x_wconf 90' lang='lat' dir='ltr'><strong>unanimiter</strong></span> <span class='ocrx_word' id='word_1_135' title='bbox 1101 1487 1169 1531; x_wconf 79' lang='lat' dir='ltr'><strong>roca</strong></span> 
     </span>
     <span class='ocr_line' id='line_1_19' title="bbox 177 1541 1169 1630; baseline 0.007 -24"><span class='ocrx_word' id='word_1_136' title='bbox 177 1557 208 1606; x_wconf 89' lang='lat' dir='ltr'><strong>et</strong></span> <span class='ocrx_word' id='word_1_137' title='bbox 242 1545 397 1622; x_wconf 77' lang='lat' dir='ltr'><strong>scriptione</strong></span> <span class='ocrx_word' id='word_1_138' title='bbox 427 1541 619 1620; x_wconf 77' lang='lat' dir='ltr'><strong>&#39;omnibusque</strong></span> <span class='ocrx_word' id='word_1_139' title='bbox 653 1544 746 1602; x_wconf 90' lang='lat' dir='ltr'><strong>modis</strong></span> <span class='ocrx_word' id='word_1_140' title='bbox 774 1547 954 1625; x_wconf 88' lang='lat' dir='ltr'><strong>resistamus,</strong></span> <span class='ocrx_word' id='word_1_141' title='bbox 989 1561 1024 1610; x_wconf 91' lang='lat' dir='ltr'><strong>ut</strong></span> <span class='ocrx_word' id='word_1_142' title='bbox 1050 1555 1169 1630; x_wconf 86' lang='lat' dir='ltr'><strong>posthac</strong></span> 
     </span>
     <span class='ocr_line' id='line_1_20' title="bbox 176 1621 1169 1708; baseline 0.004 -18"><span class='ocrx_word' id='word_1_143' title='bbox 176 1632 274 1690; x_wconf 89' lang='lat' dir='ltr'><strong>nullus</strong></span> <span class='ocrx_word' id='word_1_144' title='bbox 301 1629 440 1686; x_wconf 77' lang='lat' dir='ltr'><strong>falsor-nm</strong></span> <span class='ocrx_word' id='word_1_145' title='bbox 469 1621 636 1706; x_wconf 82' lang='lat' dir='ltr'><strong>dogmatum</strong></span> <span class='ocrx_word' id='word_1_146' title='bbox 663 1647 777 1706; x_wconf 78' lang='lat' dir='ltr'><strong>sparsor</strong></span> <span class='ocrx_word' id='word_1_147' title='bbox 805 1634 941 1708; x_wconf 87' lang='lat' dir='ltr'><strong>pertinax</strong></span> <span class='ocrx_word' id='word_1_148' title='bbox 970 1645 1002 1694; x_wconf 92' lang='lat' dir='ltr'><strong>et</strong></span> <span class='ocrx_word' id='word_1_149' title='bbox 1030 1638 1169 1700; x_wconf 79' lang='lat' dir='ltr'><strong>defensor</strong></span> 
     </span>
     <span class='ocr_line' id='line_1_21' title="bbox 175 1713 1168 1796; baseline -0.003 -20"><span class='ocrx_word' id='word_1_150' title='bbox 175 1719 205 1776; x_wconf 91' lang='lat' dir='ltr'><strong>in</strong></span> <span class='ocrx_word' id='word_1_151' title='bbox 227 1715 357 1776; x_wconf 74' lang='lat' dir='ltr'><strong>Ecclesia</strong></span> <span class='ocrx_word' id='word_1_152' title='bbox 384 1714 439 1772; x_wconf 88' lang='lat' dir='ltr'><strong>Dei</strong></span> <span class='ocrx_word' id='word_1_153' title='bbox 469 1713 625 1788; x_wconf 88' lang='lat' dir='ltr'><strong>recipiatur</strong></span> <span class='ocrx_word' id='word_1_154' title='bbox 653 1714 715 1774; x_wconf 90' lang='lat' dir='ltr'><strong>sine</strong></span> <span class='ocrx_word' id='word_1_155' title='bbox 743 1715 822 1774; x_wconf 87' lang='lat' dir='ltr'><strong>clara</strong></span> <span class='ocrx_word' id='word_1_156' title='bbox 849 1725 879 1776; x_wconf 92' lang='lat' dir='ltr'><strong>et</strong></span> <span class='ocrx_word' id='word_1_157' title='bbox 906 1720 1021 1796; x_wconf 89' lang='lat' dir='ltr'><strong>publica</strong></span> <span class='ocrx_word' id='word_1_158' title='bbox 1048 1742 1168 1785; x_wconf 81' lang='lat' dir='ltr'><strong>reuoca.</strong></span> 
     </span>
     <span class='ocr_line' id='line_1_22' title="bbox 176 1798 1168 1886; baseline 0.002 -27"><span class='ocrx_word' id='word_1_159' title='bbox 176 1804 271 1874; x_wconf 76' lang='lat' dir='ltr'><strong>none,</strong></span> <span class='ocrx_word' id='word_1_160' title='bbox 301 1817 356 1857; x_wconf 89' lang='lat' dir='ltr'><strong>nec</strong></span> <span class='ocrx_word' id='word_1_161' title='bbox 376 1799 438 1858; x_wconf 89' lang='lat' dir='ltr'><strong>ullo</strong></span> <span class='ocrx_word' id='word_1_162' title='bbox 461 1798 546 1876; x_wconf 81' lang='lat' dir='ltr'><strong>modo</strong></span> <span class='ocrx_word' id='word_1_163' title='bbox 567 1799 700 1856; x_wconf 88' lang='lat' dir='ltr'><strong>umnistia</strong></span> <span class='ocrx_word' id='word_1_164' title='bbox 720 1801 781 1860; x_wconf 87' lang='lat' dir='ltr'><strong>sire</strong></span> <span class='ocrx_word' id='word_1_165' title='bbox 802 1800 832 1858; x_wconf 94' lang='lat' dir='ltr'><strong>in</strong></span> <span class='ocrx_word' id='word_1_166' title='bbox 854 1820 888 1861; x_wconf 89' lang='lat' dir='ltr'><strong>re</strong></span> <span class='ocrx_word' id='word_1_167' title='bbox 909 1806 970 1864; x_wconf 86' lang='lat' dir='ltr'><strong>sire</strong></span> <span class='ocrx_word' id='word_1_168' title='bbox 991 1808 1020 1865; x_wconf 94' lang='lat' dir='ltr'><strong>in</strong></span> <span class='ocrx_word' id='word_1_169' title='bbox 1042 1827 1168 1886; x_wconf 68' lang='lat' dir='ltr'><strong>persona</strong></span> 
     </span>
     <span class='ocr_line' id='line_1_23' title="bbox 175 1883 1167 1956; baseline -0.001 -12"><span class='ocrx_word' id='word_1_170' title='bbox 175 1885 352 1944; x_wconf 87' lang='lat' dir='ltr'><strong>admittatur.</strong></span> <span class='ocrx_word' id='word_1_171' title='bbox 396 1884 487 1956; x_wconf 90' lang='lat' dir='ltr'><strong>lteur,</strong></span> <span class='ocrx_word' id='word_1_172' title='bbox 515 1883 623 1942; x_wconf 84' lang='lat' dir='ltr'><strong>nevel</strong></span> <span class='ocrx_word' id='word_1_173' title='bbox 645 1883 805 1943; x_wconf 88' lang='lat' dir='ltr'><strong>doctoribus</strong></span> <span class='ocrx_word' id='word_1_174' title='bbox 826 1889 921 1947; x_wconf 88' lang='lat' dir='ltr'><strong>malae</strong></span> <span class='ocrx_word' id='word_1_175' title='bbox 943 1893 1020 1950; x_wconf 88' lang='lat' dir='ltr'><strong>vitae</strong></span> <span class='ocrx_word' id='word_1_176' title='bbox 1040 1905 1091 1954; x_wconf 91' lang='lat' dir='ltr'><strong>aut</strong></span> <span class='ocrx_word' id='word_1_177' title='bbox 1113 1897 1167 1956; x_wconf 87' lang='lat' dir='ltr'><strong>d0.</strong></span> 
     </span>
     <span class='ocr_line' id='line_1_24' title="bbox 175 1967 1166 2056; baseline 0.011 -27"><span class='ocrx_word' id='word_1_178' title='bbox 175 1971 286 2029; x_wconf 89' lang='lat' dir='ltr'><strong>ctrinae</strong></span> <span class='ocrx_word' id='word_1_179' title='bbox 307 1971 337 2026; x_wconf 92' lang='lat' dir='ltr'><strong>in</strong></span> <span class='ocrx_word' id='word_1_180' title='bbox 359 1986 417 2026; x_wconf 90' lang='lat' dir='ltr'><strong>nno</strong></span> <span class='ocrx_word' id='word_1_181' title='bbox 439 1969 502 2026; x_wconf 91' lang='lat' dir='ltr'><strong>loco</strong></span> <span class='ocrx_word' id='word_1_182' title='bbox 523 1967 614 2043; x_wconf 89' lang='lat' dir='ltr'><strong>pulsis</strong></span> <span class='ocrx_word' id='word_1_183' title='bbox 634 1978 686 2026; x_wconf 90' lang='lat' dir='ltr'><strong>aut</strong></span> <span class='ocrx_word' id='word_1_184' title='bbox 706 1971 813 2045; x_wconf 89' lang='lat' dir='ltr'><strong>punitis</strong></span> <span class='ocrx_word' id='word_1_185' title='bbox 834 1974 901 2030; x_wconf 89' lang='lat' dir='ltr'><strong>alibi</strong></span> <span class='ocrx_word' id='word_1_186' title='bbox 922 1994 989 2034; x_wconf 83' lang='lat' dir='ltr'><strong>mox</strong></span> <span class='ocrx_word' id='word_1_187' title='bbox 1008 1981 1166 2056; x_wconf 85' lang='lat' dir='ltr'><strong>prospicia-</strong></span> 
     </span>
     <span class='ocr_line' id='line_1_25' title="bbox 173 2052 1164 2140; baseline -0.001 -27"><span class='ocrx_word' id='word_1_188' title='bbox 173 2061 237 2128; x_wconf 89' lang='lat' dir='ltr'><strong>tur,</strong></span> <span class='ocrx_word' id='word_1_189' title='bbox 271 2053 461 2131; x_wconf 78' lang='lat' dir='ltr'><strong>similiterque</strong></span> <span class='ocrx_word' id='word_1_190' title='bbox 489 2069 527 2111; x_wconf 88' lang='lat' dir='ltr'><strong>ne</strong></span> <span class='ocrx_word' id='word_1_191' title='bbox 548 2052 743 2131; x_wconf 86' lang='lat' dir='ltr'><strong>Magistratui,</strong></span> <span class='ocrx_word' id='word_1_192' title='bbox 777 2057 840 2115; x_wconf 88' lang='lat' dir='ltr'><strong>sine</strong></span> <span class='ocrx_word' id='word_1_193' title='bbox 868 2076 953 2117; x_wconf 89' lang='lat' dir='ltr'><strong>causa</strong></span> <span class='ocrx_word' id='word_1_194' title='bbox 980 2064 1061 2139; x_wconf 80' lang='lat' dir='ltr'><strong>pium</strong></span> <span class='ocrx_word' id='word_1_195' title='bbox 1082 2067 1164 2140; x_wconf 53' lang='lat' dir='ltr'><strong>Dm,</strong></span> 
     </span>
     <span class='ocr_line' id='line_1_26' title="bbox 173 2137 1166 2227; baseline 0.006 -28"><span class='ocrx_word' id='word_1_196' title='bbox 173 2139 313 2217; x_wconf 89' lang='lat' dir='ltr'><strong>pellenti,</strong></span> <span class='ocrx_word' id='word_1_197' title='bbox 348 2137 539 2212; x_wconf 89' lang='lat' dir='ltr'><strong>concedatur,</strong></span> <span class='ocrx_word' id='word_1_198' title='bbox 573 2156 640 2194; x_wconf 88' lang='lat' dir='ltr'><strong>mox</strong></span> <span class='ocrx_word' id='word_1_199' title='bbox 668 2139 756 2198; x_wconf 89' lang='lat' dir='ltr'><strong>alium</strong></span> <span class='ocrx_word' id='word_1_200' title='bbox 785 2142 947 2202; x_wconf 86' lang='lat' dir='ltr'><strong>ministrum</strong></span> <span class='ocrx_word' id='word_1_201' title='bbox 968 2161 1100 2227; x_wconf 82' lang='lat' dir='ltr'><strong>uocare,¹</strong></span> <span class='ocrx_word' id='word_1_202' title='bbox 1115 2163 1166 2210; x_wconf 85' lang='lat' dir='ltr'><strong>aut</strong></span> 
     </span>
     <span class='ocr_line' id='line_1_27' title="bbox 171 2220 1164 2304; baseline 0.009 -19"><span class='ocrx_word' id='word_1_203' title='bbox 171 2233 289 2284; x_wconf 80' lang='lat' dir='ltr'><strong>uocatus</strong></span> <span class='ocrx_word' id='word_1_204' title='bbox 310 2242 363 2300; x_wconf 93' lang='lat' dir='ltr'><strong>pro</strong></span> <span class='ocrx_word' id='word_1_205' title='bbox 384 2221 476 2281; x_wconf 77' lang='lat' dir='ltr'><strong>fratre</strong></span> <span class='ocrx_word' id='word_1_206' title='bbox 490 2239 549 2280; x_wconf 90' lang='lat' dir='ltr'><strong>nou</strong></span> <span class='ocrx_word' id='word_1_207' title='bbox 563 2220 713 2283; x_wconf 89' lang='lat' dir='ltr'><strong>habeatur.</strong></span> <span class='ocrx_word' id='word_1_208' title='bbox 755 2224 891 2304; x_wconf 86' lang='lat' dir='ltr'><strong>Summa,</strong></span> <span class='ocrx_word' id='word_1_209' title='bbox 912 2240 944 2288; x_wconf 88' lang='lat' dir='ltr'><strong>ut</strong></span> <span class='ocrx_word' id='word_1_210' title='bbox 961 2233 1056 2292; x_wconf 89' lang='lat' dir='ltr'><strong>omnia</strong></span> <span class='ocrx_word' id='word_1_211' title='bbox 1071 2253 1164 2295; x_wconf 89' lang='lat' dir='ltr'><strong>menr-</strong></span> 
     </span>
     <span class='ocr_line' id='line_1_28' title="bbox 172 2306 1164 2395; baseline 0.002 -28"><span class='ocrx_word' id='word_1_212' title='bbox 172 2311 224 2368; x_wconf 89' lang='lat' dir='ltr'><strong>bra</strong></span> <span class='ocrx_word' id='word_1_213' title='bbox 252 2308 338 2366; x_wconf 92' lang='lat' dir='ltr'><strong>huius</strong></span> <span class='ocrx_word' id='word_1_214' title='bbox 366 2306 565 2369; x_wconf 80' lang='lat' dir='ltr'><strong>aecclesiastici</strong></span> <span class='ocrx_word' id='word_1_215' title='bbox 585 2309 711 2389; x_wconf 87' lang='lat' dir='ltr'><strong>corporis</strong></span> <span class='ocrx_word' id='word_1_216' title='bbox 732 2325 796 2368; x_wconf 89' lang='lat' dir='ltr'><strong>sese</strong></span> <span class='ocrx_word' id='word_1_217' title='bbox 816 2312 941 2372; x_wconf 91' lang='lat' dir='ltr'><strong>invicem</strong></span> <span class='ocrx_word' id='word_1_218' title='bbox 961 2318 999 2376; x_wconf 89' lang='lat' dir='ltr'><strong>ad</strong></span> <span class='ocrx_word' id='word_1_219' title='bbox 1020 2321 1164 2395; x_wconf 63' lang='lat' dir='ltr'><strong>publicam</strong></span> 
     </span>
     <span class='ocr_line' id='line_1_29' title="bbox 172 2391 1163 2484; baseline 0.007 -32"><span class='ocrx_word' id='word_1_220' title='bbox 172 2393 295 2452; x_wconf 88' lang='lat' dir='ltr'><strong>salutern</strong></span> <span class='ocrx_word' id='word_1_221' title='bbox 324 2391 415 2450; x_wconf 88' lang='lat' dir='ltr'><strong>modis</strong></span> <span class='ocrx_word' id='word_1_222' title='bbox 443 2392 572 2450; x_wconf 88' lang='lat' dir='ltr'><strong>omuibus</strong></span> <span class='ocrx_word' id='word_1_223' title='bbox 600 2391 754 2468; x_wconf 85' lang='lat' dir='ltr'><strong>adiuvent,</strong></span> <span class='ocrx_word' id='word_1_224' title='bbox 788 2406 820 2455; x_wconf 92' lang='lat' dir='ltr'><strong>et</strong></span> <span class='ocrx_word' id='word_1_225' title='bbox 846 2399 929 2458; x_wconf 89' lang='lat' dir='ltr'><strong>nullo</strong></span> <span class='ocrx_word' id='word_1_226' title='bbox 956 2403 1041 2462; x_wconf 89' lang='lat' dir='ltr'><strong>modo</strong></span> <span class='ocrx_word' id='word_1_227' title='bbox 1069 2407 1163 2484; x_wconf 81' lang='lat' dir='ltr'><strong>impe.</strong></span> 
     </span>
     <span class='ocr_line' id='line_1_30' title="bbox 171 2476 1163 2568; baseline 0.015 -32"><span class='ocrx_word' id='word_1_228' title='bbox 171 2479 269 2552; x_wconf 91' lang='lat' dir='ltr'><strong>diant,</strong></span> <span class='ocrx_word' id='word_1_229' title='bbox 304 2477 490 2554; x_wconf 85' lang='lat' dir='ltr'><strong>inprimisque</strong></span> <span class='ocrx_word' id='word_1_230' title='bbox 517 2484 551 2534; x_wconf 89' lang='lat' dir='ltr'><strong>ut</strong></span> <span class='ocrx_word' id='word_1_231' title='bbox 577 2476 656 2556; x_wconf 90' lang='lat' dir='ltr'><strong>quod</strong></span> <span class='ocrx_word' id='word_1_232' title='bbox 683 2497 741 2536; x_wconf 90' lang='lat' dir='ltr'><strong>una</strong></span> <span class='ocrx_word' id='word_1_233' title='bbox 762 2481 892 2542; x_wconf 86' lang='lat' dir='ltr'><strong>Ecclesia</strong></span> <span class='ocrx_word' id='word_1_234' title='bbox 917 2485 992 2545; x_wconf 89' lang='lat' dir='ltr'><strong>iuste</strong></span> <span class='ocrx_word' id='word_1_235' title='bbox 1022 2489 1163 2568; x_wconf 80' lang='lat' dir='ltr'><strong>ligaverit,</strong></span> 
     </span>
     <span class='ocr_line' id='line_1_31' title="bbox 169 2561 1163 2648; baseline 0.004 -28"><span class='ocrx_word' id='word_1_236' title='bbox 169 2565 199 2620; x_wconf 94' lang='lat' dir='ltr'><strong>in</strong></span> <span class='ocrx_word' id='word_1_237' title='bbox 222 2563 285 2620; x_wconf 89' lang='lat' dir='ltr'><strong>aliis</strong></span> <span class='ocrx_word' id='word_1_238' title='bbox 305 2579 422 2642; x_wconf 87' lang='lat' dir='ltr'><strong>quoque</strong></span> <span class='ocrx_word' id='word_1_239' title='bbox 445 2561 564 2637; x_wconf 88' lang='lat' dir='ltr'><strong>ligatum</strong></span> <span class='ocrx_word' id='word_1_240' title='bbox 586 2563 640 2636; x_wconf 90' lang='lat' dir='ltr'><strong>sit,</strong></span> <span class='ocrx_word' id='word_1_241' title='bbox 670 2563 748 2640; x_wconf 90' lang='lat' dir='ltr'><strong>quod</strong></span> <span class='ocrx_word' id='word_1_242' title='bbox 768 2565 839 2624; x_wconf 91' lang='lat' dir='ltr'><strong>item</strong></span> <span class='ocrx_word' id='word_1_243' title='bbox 867 2569 1002 2648; x_wconf 84' lang='lat' dir='ltr'><strong>solverit,</strong></span> <span class='ocrx_word' id='word_1_244' title='bbox 1037 2576 1163 2636; x_wconf 77' lang='lat' dir='ltr'><strong>solutum</strong></span> 
     </span>
     <span class='ocr_line' id='line_1_32' title="bbox 169 2643 1162 2724; baseline 0.014 -20"><span class='ocrx_word' id='word_1_245' title='bbox 169 2647 214 2706; x_wconf 88' lang='lat' dir='ltr'><strong>sit.</strong></span> <span class='ocrx_word' id='word_1_246' title='bbox 256 2647 343 2716; x_wconf 87' lang='lat' dir='ltr'><strong>Quod</strong></span> <span class='ocrx_word' id='word_1_247' title='bbox 364 2647 387 2702; x_wconf 92' lang='lat' dir='ltr'><strong>si</strong></span> <span class='ocrx_word' id='word_1_248' title='bbox 408 2643 518 2722; x_wconf 88' lang='lat' dir='ltr'><strong>aliquid</strong></span> <span class='ocrx_word' id='word_1_249' title='bbox 539 2663 597 2702; x_wconf 91' lang='lat' dir='ltr'><strong>non</strong></span> <span class='ocrx_word' id='word_1_250' title='bbox 618 2657 699 2704; x_wconf 89' lang='lat' dir='ltr'><strong>recte</strong></span> <span class='ocrx_word' id='word_1_251' title='bbox 712 2647 831 2724; x_wconf 89' lang='lat' dir='ltr'><strong>ligatum</strong></span> <span class='ocrx_word' id='word_1_252' title='bbox 844 2653 1008 2716; x_wconf 86' lang='lat' dir='ltr'><strong>solutumve</strong></span> <span class='ocrx_word' id='word_1_253' title='bbox 1021 2675 1059 2718; x_wconf 86' lang='lat' dir='ltr'><strong>ex</strong></span> <span class='ocrx_word' id='word_1_254' title='bbox 1074 2663 1162 2722; x_wconf 82' lang='lat' dir='ltr'><strong>uerbo</strong></span> 
     </span>
     <span class='ocr_line' id='line_1_33' title="bbox 169 2729 1162 2822; baseline 0.007 -32"><span class='ocrx_word' id='word_1_255' title='bbox 169 2732 225 2790; x_wconf 88' lang='lat' dir='ltr'><strong>Dei</strong></span> <span class='ocrx_word' id='word_1_256' title='bbox 254 2731 415 2806; x_wconf 82' lang='lat' dir='ltr'><strong>ridebitur,</strong></span> <span class='ocrx_word' id='word_1_257' title='bbox 448 2729 487 2788; x_wconf 92' lang='lat' dir='ltr'><strong>de</strong></span> <span class='ocrx_word' id='word_1_258' title='bbox 516 2747 552 2787; x_wconf 85' lang='lat' dir='ltr'><strong>eo</strong></span> <span class='ocrx_word' id='word_1_259' title='bbox 582 2730 692 2808; x_wconf 86' lang='lat' dir='ltr'><strong>aliquid</strong></span> <span class='ocrx_word' id='word_1_260' title='bbox 719 2744 832 2793; x_wconf 89' lang='lat' dir='ltr'><strong>certum</strong></span> <span class='ocrx_word' id='word_1_261' title='bbox 861 2737 1062 2822; x_wconf 87' lang='lat' dir='ltr'><strong>christianum,</strong></span> <span class='ocrx_word' id='word_1_262' title='bbox 1090 2765 1162 2806; x_wconf 75' lang='lat' dir='ltr'><strong>aaa</strong></span> 
     </span>
     <span class='ocr_line' id='line_1_34' title="bbox 168 2813 1161 2909; baseline 0.011 -35"><span class='ocrx_word' id='word_1_263' title='bbox 168 2817 303 2876; x_wconf 88' lang='lat' dir='ltr'><strong>libertate</strong></span> <span class='ocrx_word' id='word_1_264' title='bbox 331 2813 485 2873; x_wconf 88' lang='lat' dir='ltr'><strong>christiana</strong></span> <span class='ocrx_word' id='word_1_265' title='bbox 512 2831 697 2894; x_wconf 84' lang='lat' dir='ltr'><strong>nequaquam</strong></span> <span class='ocrx_word' id='word_1_266' title='bbox 726 2815 853 2878; x_wconf 89' lang='lat' dir='ltr'><strong>alienum</strong></span> <span class='ocrx_word' id='word_1_267' title='bbox 874 2823 1009 2886; x_wconf 88' lang='lat' dir='ltr'><strong>iudicium</strong></span> <span class='ocrx_word' id='word_1_268' title='bbox 1032 2829 1161 2909; x_wconf 85' lang='lat' dir='ltr'><strong>legitime</strong></span> 
     </span>
     <span class='ocr_line' id='line_1_35' title="bbox 169 2897 1160 2984; baseline 0.004 -25"><span class='ocrx_word' id='word_1_269' title='bbox 169 2909 199 2959; x_wconf 89' lang='lat' dir='ltr'><strong>et</strong></span> <span class='ocrx_word' id='word_1_270' title='bbox 221 2899 365 2958; x_wconf 89' lang='lat' dir='ltr'><strong>ordinarie</strong></span> <span class='ocrx_word' id='word_1_271' title='bbox 387 2897 453 2975; x_wconf 91' lang='lat' dir='ltr'><strong>fiat,</strong></span> <span class='ocrx_word' id='word_1_272' title='bbox 483 2908 515 2958; x_wconf 91' lang='lat' dir='ltr'><strong>ut</strong></span> <span class='ocrx_word' id='word_1_273' title='bbox 533 2897 600 2957; x_wconf 84' lang='lat' dir='ltr'><strong>sciri</strong></span> <span class='ocrx_word' id='word_1_274' title='bbox 620 2900 724 2979; x_wconf 87' lang='lat' dir='ltr'><strong>possit,</strong></span> <span class='ocrx_word' id='word_1_275' title='bbox 752 2922 789 2962; x_wconf 88' lang='lat' dir='ltr'><strong>nn</strong></span> <span class='ocrx_word' id='word_1_276' title='bbox 811 2905 908 2984; x_wconf 93' lang='lat' dir='ltr'><strong>ligatio</strong></span> <span class='ocrx_word' id='word_1_277' title='bbox 923 2911 1064 2974; x_wconf 72' lang='lat' dir='ltr'><strong>solutiore</strong></span> <span class='ocrx_word' id='word_1_278' title='bbox 1080 2927 1160 2976; x_wconf 65' lang='lat' dir='ltr'><strong>recte</strong></span> 
     </span>
     <span class='ocr_line' id='line_1_36' title="bbox 166 2983 437 3064; baseline -0.004 -21"><span class='ocrx_word' id='word_1_279' title='bbox 166 3004 199 3043; x_wconf 90' lang='lat' dir='ltr'><strong>ac</strong></span> <span class='ocrx_word' id='word_1_280' title='bbox 221 2987 269 3064; x_wconf 89' lang='lat' dir='ltr'><strong>pie</strong></span> <span class='ocrx_word' id='word_1_281' title='bbox 290 2983 367 3044; x_wconf 76' lang='lat' dir='ltr'><strong>iacta</strong></span> <span class='ocrx_word' id='word_1_282' title='bbox 386 2985 437 3042; x_wconf 87' lang='lat' dir='ltr'><strong>sit:</strong></span> 
     </span>
    </p>
   </div>
   <div class='ocr_carea' id='block_1_9' title="bbox 188 3082 1158 3258">
    <p class='ocr_par' dir='ltr' id='par_1_10' title="bbox 188 3082 1158 3258">
     <span class='ocr_line' id='line_1_37' title="bbox 188 3082 1158 3178; baseline 0.022 -35"><span class='ocrx_word' id='word_1_283' title='bbox 188 3082 217 3146; x_wconf 80' lang='lat'><strong>1.</strong></span> <span class='ocrx_word' id='word_1_284' title='bbox 240 3085 378 3146; x_wconf 84' lang='lat' dir='ltr'><strong>articulus</strong></span> <span class='ocrx_word' id='word_1_285' title='bbox 400 3095 445 3150; x_wconf 76' lang='lat' dir='ltr'><strong>esc</strong></span> <span class='ocrx_word' id='word_1_286' title='bbox 468 3095 603 3163; x_wconf 88' lang='lat' dir='ltr'><strong>receptus</strong></span> <span class='ocrx_word' id='word_1_287' title='bbox 623 3104 641 3144; x_wconf 90' lang='lat' dir='ltr'><strong>a</strong></span> <span class='ocrx_word' id='word_1_288' title='bbox 662 3087 746 3148; x_wconf 89' lang='lat' dir='ltr'><strong>Dom.</strong></span> <span class='ocrx_word' id='word_1_289' title='bbox 759 3085 933 3172; x_wconf 72' lang='lat' dir='ltr'><strong>Philippo.</strong></span> <span class='ocrx_word' id='word_1_290' title='bbox 980 3099 1158 3178; x_wconf 86' lang='lat' dir='ltr'><strong>Magdebur-</strong></span> 
     </span>
     <span class='ocr_line' id='line_1_38' title="bbox 207 3169 1114 3258; baseline 0.021 -30"><span class='ocrx_word' id='word_1_291' title='bbox 207 3189 313 3250; x_wconf 89' lang='lat' dir='ltr'><strong>genses</strong></span> <span class='ocrx_word' id='word_1_292' title='bbox 334 3179 440 3246; x_wconf 89' lang='lat' dir='ltr'><strong>petunt</strong></span> <span class='ocrx_word' id='word_1_293' title='bbox 461 3169 544 3228; x_wconf 88' lang='lat' dir='ltr'><strong>addi:</strong></span> <span class='ocrx_word' id='word_1_294' title='bbox 573 3189 681 3229; x_wconf 90' lang='lat' dir='ltr'><strong>sacram</strong></span> <span class='ocrx_word' id='word_1_295' title='bbox 699 3175 883 3258; x_wconf 83' lang='lat' dir='ltr'><strong>scripturam,</strong></span> <span class='ocrx_word' id='word_1_296' title='bbox 910 3185 1039 3258; x_wconf 81' lang='lat' dir='ltr'><strong>symbola</strong></span> <span class='ocrx_word' id='word_1_297' title='bbox 1058 3197 1114 3246; x_wconf 90' lang='lat' dir='ltr'><strong>etc.</strong></span> 
     </span>
    </p>
   </div>
   <div class='ocr_carea' id='block_1_10' title="bbox 183 3265 1156 4053">
    <p class='ocr_par' dir='ltr' id='par_1_11' title="bbox 186 3265 1156 3528">
     <span class='ocr_line' id='line_1_39' title="bbox 186 3265 1156 3365; baseline 0.013 -32"><span class='ocrx_word' id='word_1_298' title='bbox 186 3273 217 3333; x_wconf 83' lang='lat'><strong>2.</strong></span> <span class='ocrx_word' id='word_1_299' title='bbox 240 3282 391 3348; x_wconf 89' lang='lat' dir='ltr'><strong>receptus,</strong></span> <span class='ocrx_word' id='word_1_300' title='bbox 430 3283 461 3330; x_wconf 88' lang='lat' dir='ltr'><strong>et</strong></span> <span class='ocrx_word' id='word_1_301' title='bbox 488 3271 524 3328; x_wconf 89' lang='lat' dir='ltr'><strong>D.</strong></span> <span class='ocrx_word' id='word_1_302' title='bbox 550 3265 734 3352; x_wconf 76' lang='lat' dir='ltr'><strong>Philippus</strong></span> <span class='ocrx_word' id='word_1_303' title='bbox 760 3280 835 3354; x_wconf 90' lang='lat' dir='ltr'><strong>petit</strong></span> <span class='ocrx_word' id='word_1_304' title='bbox 862 3282 946 3358; x_wconf 89' lang='lat' dir='ltr'><strong>addi,</strong></span> <span class='ocrx_word' id='word_1_305' title='bbox 982 3286 1156 3365; x_wconf 89' lang='lat' dir='ltr'><strong>Serveticos,</strong></span> 
     </span>
     <span class='ocr_line' id='line_1_40' title="bbox 207 3355 1156 3452; baseline 0.017 -37"><span class='ocrx_word' id='word_1_306' title='bbox 207 3357 345 3431; x_wconf 75' lang='lat' dir='ltr'><strong>osiana,</strong></span> <span class='ocrx_word' id='word_1_307' title='bbox 372 3355 574 3432; x_wconf 82' lang='lat' dir='ltr'><strong>Stenclrleld.,</strong></span> <span class='ocrx_word' id='word_1_308' title='bbox 596 3359 818 3440; x_wconf 87' lang='lat' dir='ltr'><strong>Thammerurn,</strong></span> <span class='ocrx_word' id='word_1_309' title='bbox 846 3369 1023 3428; x_wconf 83' lang='lat' dir='ltr'><strong>Antinomos.</strong></span> <span class='ocrx_word' id='word_1_310' title='bbox 1072 3373 1156 3452; x_wconf 72' lang='lat' dir='ltr'><strong>Mag-</strong></span> 
     </span>
     <span class='ocr_line' id='line_1_41' title="bbox 206 3443 1105 3528; baseline 0.012 -26"><span class='ocrx_word' id='word_1_311' title='bbox 206 3443 406 3520; x_wconf 86' lang='lat' dir='ltr'><strong>deburgenses</strong></span> <span class='ocrx_word' id='word_1_312' title='bbox 427 3450 532 3517; x_wconf 89' lang='lat' dir='ltr'><strong>petunt</strong></span> <span class='ocrx_word' id='word_1_313' title='bbox 554 3443 622 3501; x_wconf 87' lang='lat' dir='ltr'><strong>addi</strong></span> <span class='ocrx_word' id='word_1_314' title='bbox 642 3443 774 3524; x_wconf 74' lang='lat' dir='ltr'><strong>Maioris,</strong></span> <span class='ocrx_word' id='word_1_315' title='bbox 800 3449 956 3528; x_wconf 72' lang='lat' dir='ltr'><strong>adiaphor.</strong></span> <span class='ocrx_word' id='word_1_316' title='bbox 1103 3520 1105 3528; x_wconf 29' lang='lat'><strong><em>¹</em></strong></span> 
     </span>
    </p>

    <p class='ocr_par' dir='ltr' id='par_1_12' title="bbox 183 3537 1154 4053">
     <span class='ocr_line' id='line_1_42' title="bbox 183 3537 1154 3638; baseline 0.016 -34"><span class='ocrx_word' id='word_1_317' title='bbox 183 3541 214 3604; x_wconf 82' lang='lat'><strong>3.</strong></span> <span class='ocrx_word' id='word_1_318' title='bbox 237 3545 274 3604; x_wconf 87' lang='lat' dir='ltr'><strong>D.</strong></span> <span class='ocrx_word' id='word_1_319' title='bbox 305 3537 490 3621; x_wconf 74' lang='lat' dir='ltr'><strong>Philippus</strong></span> <span class='ocrx_word' id='word_1_320' title='bbox 515 3543 589 3618; x_wconf 91' lang='lat' dir='ltr'><strong>petit</strong></span> <span class='ocrx_word' id='word_1_321' title='bbox 616 3545 741 3621; x_wconf 87' lang='lat' dir='ltr'><strong>priorem</strong></span> <span class='ocrx_word' id='word_1_322' title='bbox 770 3559 883 3624; x_wconf 89' lang='lat' dir='ltr'><strong>partem</strong></span> <span class='ocrx_word' id='word_1_323' title='bbox 910 3557 1026 3614; x_wconf 89' lang='lat' dir='ltr'><strong>omnino</strong></span> <span class='ocrx_word' id='word_1_324' title='bbox 1053 3560 1154 3638; x_wconf 87' lang='lat' dir='ltr'><strong>omitti,</strong></span> 
     </span>
     <span class='ocr_line' id='line_1_43' title="bbox 203 3629 1154 3717; baseline 0.017 -29"><span class='ocrx_word' id='word_1_325' title='bbox 203 3639 235 3688; x_wconf 88' lang='lat' dir='ltr'><strong>et</strong></span> <span class='ocrx_word' id='word_1_326' title='bbox 256 3629 397 3688; x_wconf 90' lang='lat' dir='ltr'><strong>nominari</strong></span> <span class='ocrx_word' id='word_1_327' title='bbox 418 3629 608 3704; x_wconf 89' lang='lat' dir='ltr'><strong>corruptelas.</strong></span> <span class='ocrx_word' id='word_1_328' title='bbox 659 3629 929 3711; x_wconf 82' lang='lat' dir='ltr'><strong>Magdeburgenses</strong></span> <span class='ocrx_word' id='word_1_329' title='bbox 950 3651 1071 3717; x_wconf 91' lang='lat' dir='ltr'><strong>petunt,</strong></span> <span class='ocrx_word' id='word_1_330' title='bbox 1099 3663 1154 3704; x_wconf 88' lang='lat' dir='ltr'><strong>no-</strong></span> 
     </span>
     <span class='ocr_line' id='line_1_44' title="bbox 203 3713 1153 3806; baseline 0.017 -34"><span class='ocrx_word' id='word_1_331' title='bbox 203 3715 333 3774; x_wconf 89' lang='lat' dir='ltr'><strong>minatim</strong></span> <span class='ocrx_word' id='word_1_332' title='bbox 354 3713 438 3774; x_wconf 86' lang='lat' dir='ltr'><strong>addi:</strong></span> <span class='ocrx_word' id='word_1_333' title='bbox 466 3730 567 3772; x_wconf 90' lang='lat' dir='ltr'><strong>omnes</strong></span> <span class='ocrx_word' id='word_1_334' title='bbox 589 3713 711 3792; x_wconf 81' lang='lat' dir='ltr'><strong>Adiapb.</strong></span> <span class='ocrx_word' id='word_1_335' title='bbox 734 3720 923 3796; x_wconf 85' lang='lat' dir='ltr'><strong>corruptelas.</strong></span> <span class='ocrx_word' id='word_1_336' title='bbox 964 3725 1066 3786; x_wconf 81' lang='lat' dir='ltr'><strong>Altera</strong></span> <span class='ocrx_word' id='word_1_337' title='bbox 1085 3747 1153 3806; x_wconf 89' lang='lat' dir='ltr'><strong>pars</strong></span> 
     </span>
     <span class='ocr_line' id='line_1_45' title="bbox 202 3791 1153 3889; baseline 0.017 -31"><span class='ocrx_word' id='word_1_338' title='bbox 202 3810 322 3876; x_wconf 84' lang='lat' dir='ltr'><strong>accepta</strong></span> <span class='ocrx_word' id='word_1_339' title='bbox 348 3809 394 3858; x_wconf 89' lang='lat' dir='ltr'><strong>est</strong></span> <span class='ocrx_word' id='word_1_340' title='bbox 420 3815 438 3856; x_wconf 89' lang='lat' dir='ltr'><strong>a</strong></span> <span class='ocrx_word' id='word_1_341' title='bbox 459 3797 495 3856; x_wconf 89' lang='lat' dir='ltr'><strong>D.</strong></span> <span class='ocrx_word' id='word_1_342' title='bbox 517 3791 691 3878; x_wconf 73' lang='lat' dir='ltr'><strong>Philippo.</strong></span> <span class='ocrx_word' id='word_1_343' title='bbox 751 3801 1020 3888; x_wconf 85' lang='lat' dir='ltr'><strong>lllagdeburgeuses</strong></span> <span class='ocrx_word' id='word_1_344' title='bbox 1046 3826 1153 3889; x_wconf 88' lang='lat' dir='ltr'><strong>petunt</strong></span> 
     </span>
     <span class='ocr_line' id='line_1_46' title="bbox 202 3877 1152 3966; baseline 0.019 -24"><span class='ocrx_word' id='word_1_345' title='bbox 202 3881 398 3960; x_wconf 85' lang='lat' dir='ltr'><strong>corruptelam</strong></span> <span class='ocrx_word' id='word_1_346' title='bbox 415 3877 563 3943; x_wconf 83' lang='lat' dir='ltr'><strong>Maioris</strong></span> <span class='ocrx_word' id='word_1_347' title='bbox 583 3885 623 3944; x_wconf 87' lang='lat' dir='ltr'><strong>sic</strong></span> <span class='ocrx_word' id='word_1_348' title='bbox 644 3885 713 3964; x_wconf 90' lang='lat' dir='ltr'><strong>poni</strong></span> <span class='ocrx_word' id='word_1_349' title='bbox 735 3887 808 3946; x_wconf 90' lang='lat' dir='ltr'><strong>sicut</strong></span> <span class='ocrx_word' id='word_1_350' title='bbox 828 3906 989 3966; x_wconf 91' lang='lat' dir='ltr'><strong>posuerunt</strong></span> <span class='ocrx_word' id='word_1_351' title='bbox 1011 3899 1152 3958; x_wconf 88' lang='lat' dir='ltr'><strong>mediato-</strong></span> 
     </span>
     <span class='ocr_line' id='line_1_47' title="bbox 202 3969 1108 4053; baseline 0.018 -27"><span class='ocrx_word' id='word_1_352' title='bbox 202 3985 267 4044; x_wconf 87' lang='lat' dir='ltr'><strong>res,</strong></span> <span class='ocrx_word' id='word_1_353' title='bbox 296 3979 327 4028; x_wconf 88' lang='lat' dir='ltr'><strong>et</strong></span> <span class='ocrx_word' id='word_1_354' title='bbox 349 3969 468 4044; x_wconf 81' lang='lat' dir='ltr'><strong>uolunt,</strong></span> <span class='ocrx_word' id='word_1_355' title='bbox 490 3987 548 4026; x_wconf 91' lang='lat' dir='ltr'><strong>non</strong></span> <span class='ocrx_word' id='word_1_356' title='bbox 570 3979 683 4028; x_wconf 88' lang='lat' dir='ltr'><strong>tantum</strong></span> <span class='ocrx_word' id='word_1_357' title='bbox 704 3970 823 4046; x_wconf 81' lang='lat' dir='ltr'><strong>phrasin</strong></span> <span class='ocrx_word' id='word_1_358' title='bbox 845 3977 939 4053; x_wconf 90' lang='lat' dir='ltr'><strong>reiici,</strong></span> <span class='ocrx_word' id='word_1_359' title='bbox 961 3981 1012 4038; x_wconf 89' lang='lat' dir='ltr'><strong>sed</strong></span> <span class='ocrx_word' id='word_1_360' title='bbox 1036 4001 1108 4042; x_wconf 88' lang='lat' dir='ltr'><strong>rem.</strong></span> 
     </span>
    </p>
   </div>
   <div class='ocr_carea' id='block_1_11' title="bbox 178 4065 1150 4234">
    <p class='ocr_par' dir='ltr' id='par_1_13' title="bbox 178 4065 1150 4234">
     <span class='ocr_line' id='line_1_48' title="bbox 178 4065 1150 4162; baseline 0.001 -30"><span class='ocrx_word' id='word_1_361' title='bbox 178 4067 209 4132; x_wconf 78' lang='grc'><strong>4.</strong></span> <span class='ocrx_word' id='word_1_362' title='bbox 230 4069 260 4131; x_wconf 80' lang='grc' dir='ltr'><strong>ὁ.</strong></span> <span class='ocrx_word' id='word_1_363' title='bbox 283 4079 314 4130; x_wconf 88' lang='lat' dir='ltr'><strong>et</strong></span> <span class='ocrx_word' id='word_1_364' title='bbox 335 4069 366 4130; x_wconf 90' lang='lat' dir='ltr'><strong>o.</strong></span> <span class='ocrx_word' id='word_1_365' title='bbox 389 4072 500 4148; x_wconf 90' lang='lat' dir='ltr'><strong>recepti</strong></span> <span class='ocrx_word' id='word_1_366' title='bbox 521 4081 588 4130; x_wconf 89' lang='lat' dir='ltr'><strong>sunt</strong></span> <span class='ocrx_word' id='word_1_367' title='bbox 608 4087 625 4130; x_wconf 87' lang='lat' dir='ltr'><strong>a</strong></span> <span class='ocrx_word' id='word_1_368' title='bbox 646 4072 685 4130; x_wconf 92' lang='lat' dir='ltr'><strong>D.</strong></span> <span class='ocrx_word' id='word_1_369' title='bbox 698 4065 872 4150; x_wconf 76' lang='lat' dir='ltr'><strong>Philippo.</strong></span> <span class='ocrx_word' id='word_1_370' title='bbox 915 4076 1150 4162; x_wconf 69' lang='lat' dir='ltr'><strong>blngdelnrrgen.</strong></span> 
     </span>
     <span class='ocr_line' id='line_1_49' title="bbox 200 4155 952 4234; baseline 0.007 -19"><span class='ocrx_word' id='word_1_371' title='bbox 200 4174 247 4215; x_wconf 89' lang='lat' dir='ltr'><strong>ses</strong></span> <span class='ocrx_word' id='word_1_372' title='bbox 268 4164 375 4232; x_wconf 91' lang='lat' dir='ltr'><strong>petunt</strong></span> <span class='ocrx_word' id='word_1_373' title='bbox 395 4155 528 4216; x_wconf 73' lang='lat' dir='ltr'><strong>damnat</strong></span> <span class='ocrx_word' id='word_1_374' title='bbox 550 4171 690 4232; x_wconf 82' lang='lat' dir='ltr'><strong>expresse</strong></span> <span class='ocrx_word' id='word_1_375' title='bbox 710 4156 791 4234; x_wconf 82' lang='lat' dir='ltr'><strong>Lips.</strong></span> <span class='ocrx_word' id='word_1_376' title='bbox 810 4159 952 4220; x_wconf 82' lang='lat' dir='ltr'><strong>Interim.¹</strong></span> 
     </span>
    </p>
   </div>
   <div class='ocr_carea' id='block_1_12' title="bbox 176 4253 1149 4588">
    <p class='ocr_par' dir='ltr' id='par_1_14' title="bbox 176 4253 1149 4588">
     <span class='ocr_line' id='line_1_50' title="bbox 176 4253 1149 4369; baseline 0.011 -50"><span class='ocrx_word' id='word_1_377' title='bbox 176 4259 207 4319; x_wconf 88' lang='grc'><strong>7.</strong></span> <span class='ocrx_word' id='word_1_378' title='bbox 230 4253 415 4336; x_wconf 75' lang='lat' dir='ltr'><strong>Pitttppos</strong></span> <span class='ocrx_word' id='word_1_379' title='bbox 444 4255 539 4316; x_wconf 80' lang='lat' dir='ltr'><strong>refert</strong></span> <span class='ocrx_word' id='word_1_380' title='bbox 570 4273 603 4315; x_wconf 89' lang='lat' dir='ltr'><strong>se</strong></span> <span class='ocrx_word' id='word_1_381' title='bbox 630 4256 669 4314; x_wconf 88' lang='lat' dir='ltr'><strong>ad</strong></span> <span class='ocrx_word' id='word_1_382' title='bbox 695 4257 807 4333; x_wconf 86' lang='lat' dir='ltr'><strong>priores</strong></span> <span class='ocrx_word' id='word_1_383' title='bbox 834 4260 938 4337; x_wconf 87' lang='lat' dir='ltr'><strong>libros,</strong></span> <span class='ocrx_word' id='word_1_384' title='bbox 971 4266 1149 4369; x_wconf 83' lang='lat' dir='ltr'><strong>Apologiam,</strong></span> 
     </span>
     <span class='ocr_line' id='line_1_51' title="bbox 201 4341 1147 4428; baseline 0.016 -28"><span class='ocrx_word' id='word_1_385' title='bbox 201 4345 278 4401; x_wconf 90' lang='lat' dir='ltr'><strong>locos</strong></span> <span class='ocrx_word' id='word_1_386' title='bbox 306 4359 474 4402; x_wconf 89' lang='lat' dir='ltr'><strong>communes</strong></span> <span class='ocrx_word' id='word_1_387' title='bbox 502 4349 560 4401; x_wconf 88' lang='lat' dir='ltr'><strong>etc.</strong></span> <span class='ocrx_word' id='word_1_388' title='bbox 617 4341 664 4399; x_wconf 92' lang='lat' dir='ltr'><strong>llli</strong></span> <span class='ocrx_word' id='word_1_389' title='bbox 690 4345 883 4404; x_wconf 86' lang='lat' dir='ltr'><strong>necessariam</strong></span> <span class='ocrx_word' id='word_1_390' title='bbox 911 4365 976 4410; x_wconf 87' lang='lat' dir='ltr'><strong>esse</strong></span> <span class='ocrx_word' id='word_1_391' title='bbox 1004 4355 1147 4428; x_wconf 79' lang='lat' dir='ltr'><strong>publicam</strong></span> 
     </span>
     <span class='ocr_line' id='line_1_52' title="bbox 197 4425 1146 4501; baseline 0.016 -15"><span class='ocrx_word' id='word_1_392' title='bbox 197 4429 435 4487; x_wconf 89' lang='lat' dir='ltr'><strong>contestationem</strong></span> <span class='ocrx_word' id='word_1_393' title='bbox 471 4427 509 4486; x_wconf 90' lang='lat' dir='ltr'><strong>de</strong></span> <span class='ocrx_word' id='word_1_394' title='bbox 536 4425 656 4484; x_wconf 84' lang='lat' dir='ltr'><strong>sublatis</strong></span> <span class='ocrx_word' id='word_1_395' title='bbox 684 4429 828 4487; x_wconf 90' lang='lat' dir='ltr'><strong>erroribus</strong></span> <span class='ocrx_word' id='word_1_396' title='bbox 853 4441 885 4490; x_wconf 92' lang='lat' dir='ltr'><strong>et</strong></span> <span class='ocrx_word' id='word_1_397' title='bbox 911 4437 1062 4497; x_wconf 86' lang='lat' dir='ltr'><strong>concordia</strong></span> <span class='ocrx_word' id='word_1_398' title='bbox 1089 4452 1146 4501; x_wconf 91' lang='lat' dir='ltr'><strong>etc.</strong></span> 
     </span>
     <span class='ocr_line' id='line_1_53' title="bbox 196 4511 702 4588; baseline -0.002 -17"><span class='ocrx_word' id='word_1_399' title='bbox 196 4513 229 4571; x_wconf 92' lang='lat' dir='ltr'><strong>ln</strong></span> <span class='ocrx_word' id='word_1_400' title='bbox 249 4531 364 4572; x_wconf 87' lang='lat' dir='ltr'><strong>recessu</strong></span> <span class='ocrx_word' id='word_1_401' title='bbox 386 4513 441 4572; x_wconf 91' lang='lat' dir='ltr'><strong>hoc</strong></span> <span class='ocrx_word' id='word_1_402' title='bbox 461 4511 539 4570; x_wconf 90' lang='lat' dir='ltr'><strong>dabit</strong></span> <span class='ocrx_word' id='word_1_403' title='bbox 561 4513 625 4588; x_wconf 88' lang='lat' dir='ltr'><strong>ipsa</strong></span> <span class='ocrx_word' id='word_1_404' title='bbox 645 4529 702 4570; x_wconf 73' lang='lat' dir='ltr'><strong>res</strong></span> 
     </span>
    </p>
   </div>
   <div class='ocr_carea' id='block_1_13' title="bbox 173 4611 1146 4759">
    <p class='ocr_par' dir='ltr' id='par_1_15' title="bbox 173 4611 1146 4759">
     <span class='ocr_line' id='line_1_54' title="bbox 173 4611 1146 4702; baseline 0.002 -25"><span class='ocrx_word' id='word_1_405' title='bbox 173 4613 204 4677; x_wconf 84' lang='lat'><strong>8.</strong></span> <span class='ocrx_word' id='word_1_406' title='bbox 226 4612 493 4690; x_wconf 81' lang='lat' dir='ltr'><strong>Magdeburgenses</strong></span> <span class='ocrx_word' id='word_1_407' title='bbox 520 4611 633 4670; x_wconf 90' lang='lat' dir='ltr'><strong>addunt</strong></span> <span class='ocrx_word' id='word_1_408' title='bbox 660 4611 812 4674; x_wconf 87' lang='lat' dir='ltr'><strong>articulum</strong></span> <span class='ocrx_word' id='word_1_409' title='bbox 839 4615 879 4676; x_wconf 91' lang='lat' dir='ltr'><strong>de</strong></span> <span class='ocrx_word' id='word_1_410' title='bbox 900 4617 994 4698; x_wconf 88' lang='lat' dir='ltr'><strong>Papa,</strong></span> <span class='ocrx_word' id='word_1_411' title='bbox 1029 4627 1080 4702; x_wconf 92' lang='lat' dir='ltr'><strong>qui</strong></span> <span class='ocrx_word' id='word_1_412' title='bbox 1100 4639 1146 4686; x_wconf 79' lang='lat' dir='ltr'><strong>est</strong></span> 
     </span>
     <span class='ocr_line' id='line_1_55' title="bbox 193 4697 642 4759; baseline -0.009 -2"><span class='ocrx_word' id='word_1_413' title='bbox 193 4702 225 4759; x_wconf 91' lang='lat' dir='ltr'><strong>in</strong></span> <span class='ocrx_word' id='word_1_414' title='bbox 244 4698 379 4759; x_wconf 74' lang='lat' dir='ltr'><strong>Articulis</strong></span> <span class='ocrx_word' id='word_1_415' title='bbox 399 4697 642 4758; x_wconf 77' lang='lat' dir='ltr'><strong>Scbmalmldicis.</strong></span> 
     </span>
    </p>
   </div>
   <div class='ocr_carea' id='block_1_14' title="bbox 150 4811 1145 5044">
    <p class='ocr_par' dir='ltr' id='par_1_16' title="bbox 150 4811 1145 5044">
     <span class='ocr_line' id='line_1_56' title="bbox 151 4811 1145 4914; baseline 0.001 -40"><span class='ocrx_word' id='word_1_416' title='bbox 151 4815 235 4874; x_wconf 87' lang='lat' dir='ltr'><strong>Circa</strong></span> <span class='ocrx_word' id='word_1_417' title='bbox 262 4813 412 4891; x_wconf 82' lang='lat' dir='ltr'><strong>septimam</strong></span> <span class='ocrx_word' id='word_1_418' title='bbox 439 4813 697 4872; x_wconf 86' lang='lat' dir='ltr'><strong>antemeridianam</strong></span> <span class='ocrx_word' id='word_1_419' title='bbox 726 4811 814 4893; x_wconf 89' lang='lat' dir='ltr'><strong>legati</strong></span> <span class='ocrx_word' id='word_1_420' title='bbox 841 4815 974 4914; x_wconf 64' lang='lat' dir='ltr'><strong>Saronici</strong></span> <span class='ocrx_word' id='word_1_421' title='bbox 1001 4823 1039 4882; x_wconf 92' lang='lat' dir='ltr'><strong>ad</strong></span> <span class='ocrx_word' id='word_1_422' title='bbox 1060 4825 1145 4904; x_wconf 80' lang='lat' dir='ltr'><strong>Mag.</strong></span> 
     </span>
     <span class='ocr_line' id='line_1_57' title="bbox 152 4893 1143 4995; baseline 0.012 -37"><span class='ocrx_word' id='word_1_423' title='bbox 152 4901 349 4978; x_wconf 89' lang='lat' dir='ltr'><strong>debnrgenses</strong></span> <span class='ocrx_word' id='word_1_424' title='bbox 379 4901 410 4956; x_wconf 90' lang='lat' dir='ltr'><strong>in</strong></span> <span class='ocrx_word' id='word_1_425' title='bbox 438 4915 534 4957; x_wconf 89' lang='lat' dir='ltr'><strong>arcem</strong></span> <span class='ocrx_word' id='word_1_426' title='bbox 563 4897 699 4976; x_wconf 77' lang='lat' dir='ltr'><strong>veniunt,</strong></span> <span class='ocrx_word' id='word_1_427' title='bbox 735 4909 766 4959; x_wconf 88' lang='lat' dir='ltr'><strong>et</strong></span> <span class='ocrx_word' id='word_1_428' title='bbox 790 4893 960 4995; x_wconf 76' lang='lat' dir='ltr'><strong>Morituros</strong></span> <span class='ocrx_word' id='word_1_429' title='bbox 985 4907 1025 4966; x_wconf 89' lang='lat' dir='ltr'><strong>sic</strong></span> <span class='ocrx_word' id='word_1_430' title='bbox 1051 4911 1143 4970; x_wconf 87' lang='lat' dir='ltr'><strong>oritur</strong></span> 
     </span>
     <span class='ocr_line' id='line_1_58' title="bbox 150 5003 331 5044; baseline -0.011 0"><span class='ocrx_word' id='word_1_431' title='bbox 150 5003 331 5044; x_wconf 61' lang='lat' dir='ltr'>Sermonem}</span> 
     </span>
    </p>
   </div>
   <div class='ocr_carea' id='block_1_15' title="bbox 153 5083 1142 5250">
    <p class='ocr_par' dir='ltr' id='par_1_17' title="bbox 153 5083 1142 5250">
     <span class='ocr_line' id='line_1_59' title="bbox 233 5083 1142 5175; baseline 0.012 -30"><span class='ocrx_word' id='word_1_432' title='bbox 233 5088 273 5145; x_wconf 93' lang='lat' dir='ltr'><strong>Se</strong></span> <span class='ocrx_word' id='word_1_433' title='bbox 293 5086 429 5145; x_wconf 86' lang='lat' dir='ltr'><strong>articulos</strong></span> <span class='ocrx_word' id='word_1_434' title='bbox 450 5102 507 5142; x_wconf 87' lang='lat' dir='ltr'><strong>una</strong></span> <span class='ocrx_word' id='word_1_435' title='bbox 528 5103 592 5142; x_wconf 92' lang='lat' dir='ltr'><strong>cum</strong></span> <span class='ocrx_word' id='word_1_436' title='bbox 611 5083 833 5146; x_wconf 86' lang='lat' dir='ltr'><strong>correctionibus</strong></span> <span class='ocrx_word' id='word_1_437' title='bbox 844 5089 1005 5166; x_wconf 89' lang='lat' dir='ltr'><strong>perlegisse</strong></span> <span class='ocrx_word' id='word_1_438' title='bbox 1020 5105 1142 5175; x_wconf 82' lang='lat' dir='ltr'><strong>attente,</strong></span> 
     </span>
     <span class='ocr_line' id='line_1_60' title="bbox 153 5169 1140 5250; baseline 0.012 -20"><span class='ocrx_word' id='word_1_439' title='bbox 153 5189 251 5230; x_wconf 80' lang='lat' dir='ltr'><strong>renim</strong></span> <span class='ocrx_word' id='word_1_440' title='bbox 280 5169 359 5250; x_wconf 86' lang='lat' dir='ltr'><strong>qued</strong></span> <span class='ocrx_word' id='word_1_441' title='bbox 384 5171 421 5228; x_wconf 89' lang='lat' dir='ltr'><strong>ad</strong></span> <span class='ocrx_word' id='word_1_442' title='bbox 449 5187 485 5228; x_wconf 90' lang='lat' dir='ltr'><strong>ea</strong></span> <span class='ocrx_word' id='word_1_443' title='bbox 514 5170 693 5246; x_wconf 85' lang='lat' dir='ltr'><strong>pertineret,</strong></span> <span class='ocrx_word' id='word_1_444' title='bbox 726 5187 804 5248; x_wconf 89' lang='lat' dir='ltr'><strong>quae</strong></span> <span class='ocrx_word' id='word_1_445' title='bbox 827 5175 883 5232; x_wconf 87' lang='lat' dir='ltr'><strong>suh</strong></span> <span class='ocrx_word' id='word_1_446' title='bbox 910 5173 1000 5234; x_wconf 85' lang='lat' dir='ltr'><strong>linem</strong></span> <span class='ocrx_word' id='word_1_447' title='bbox 1028 5179 1140 5241; x_wconf 90' lang='lat' dir='ltr'><strong>adiecta</strong></span> 
     </span>
    </p>
   </div>
   <div class='ocr_carea' id='block_1_16' title="bbox 145 5251 1673 5552">
    <p class='ocr_par' dir='ltr' id='par_1_18' title="bbox 150 5251 1673 5364">
     <span class='ocr_line' id='line_1_61' title="bbox 150 5251 1673 5364; baseline 0.021 -50"><span class='ocrx_word' id='word_1_448' title='bbox 150 5265 247 5315; x_wconf 86' lang='lat' dir='ltr'><strong>essent</strong></span> <span class='ocrx_word' id='word_1_449' title='bbox 283 5253 324 5314; x_wconf 91' lang='lat' dir='ltr'><strong>de</strong></span> <span class='ocrx_word' id='word_1_450' title='bbox 348 5255 498 5313; x_wconf 81' lang='lat' dir='ltr'><strong>biarclrlcis</strong></span> <span class='ocrx_word' id='word_1_451' title='bbox 526 5251 679 5327; x_wconf 85' lang='lat' dir='ltr'><strong>Ecclesr&#39;is,</strong></span> <span class='ocrx_word' id='word_1_452' title='bbox 710 5271 819 5334; x_wconf 87' lang='lat' dir='ltr'><strong>nempe</strong></span> <span class='ocrx_word' id='word_1_453' title='bbox 848 5276 907 5336; x_wconf 88' lang='lat' dir='ltr'><strong>qua</strong></span> <span class='ocrx_word' id='word_1_454' title='bbox 932 5261 1044 5321; x_wconf 90' lang='lat' dir='ltr'><strong>ratione</strong></span> <span class='ocrx_word' id='word_1_455' title='bbox 1069 5265 1139 5342; x_wconf 87' lang='lat' dir='ltr'><strong>ipsis</strong></span> <span class='ocrx_word' id='word_1_456' title='bbox 1189 5269 1339 5332; x_wconf 79' lang='lat' dir='ltr'><strong>tellesisso</strong></span> <span class='ocrx_word' id='word_1_457' title='bbox 1359 5293 1393 5334; x_wconf 87' lang='lat' dir='ltr'><strong>se</strong></span> <span class='ocrx_word' id='word_1_458' title='bbox 1413 5295 1431 5336; x_wconf 90' lang='lat' dir='ltr'><strong>a</strong></span> <span class='ocrx_word' id='word_1_459' title='bbox 1452 5282 1673 5364; x_wconf 77' lang='lat' dir='ltr'><strong>mediatoribus,</strong></span> 
     </span>
    </p>

    <p class='ocr_par' dir='ltr' id='par_1_19' title="bbox 148 5339 1442 5457">
     <span class='ocr_line' id='line_1_62' title="bbox 148 5339 1442 5457; baseline 0.017 -59"><span class='ocrx_word' id='word_1_460' title='bbox 148 5359 265 5420; x_wconf 85' lang='lat' dir='ltr'><strong>quoquc</strong></span> <span class='ocrx_word' id='word_1_461' title='bbox 285 5341 394 5398; x_wconf 82' lang='lat' dir='ltr'><strong>corrruli</strong></span> <span class='ocrx_word' id='word_1_462' title='bbox 415 5347 529 5415; x_wconf 76' lang='lat' dir='ltr'><strong>posset,</strong></span> <span class='ocrx_word' id='word_1_463' title='bbox 554 5349 590 5398; x_wconf 84' lang='lat' dir='ltr'><strong>se</strong></span> <span class='ocrx_word' id='word_1_464' title='bbox 610 5340 650 5397; x_wconf 85' lang='lat' dir='ltr'><strong>de</strong></span> <span class='ocrx_word' id='word_1_465' title='bbox 671 5339 705 5394; x_wconf 88' lang='lat' dir='ltr'><strong>iis</strong></span> <span class='ocrx_word' id='word_1_466' title='bbox 727 5343 814 5438; x_wconf 71' lang='lat' dir='ltr'><strong>relius</strong></span> <span class='ocrx_word' id='word_1_467' title='bbox 829 5343 901 5402; x_wconf 89' lang='lat' dir='ltr'><strong>nibil</strong></span> <span class='ocrx_word' id='word_1_468' title='bbox 923 5344 1033 5407; x_wconf 89' lang='lat' dir='ltr'><strong>babere</strong></span> <span class='ocrx_word' id='word_1_469' title='bbox 1047 5365 1064 5406; x_wconf 92' lang='lat' dir='ltr'><strong>a</strong></span> <span class='ocrx_word' id='word_1_470' title='bbox 1078 5353 1139 5411; x_wconf 87' lang='lat' dir='ltr'><strong>suis</strong></span> <span class='ocrx_word' id='word_1_471' title='bbox 1186 5356 1332 5457; x_wconf 77' lang='lat' dir='ltr'><strong>proiectos</strong></span> <span class='ocrx_word' id='word_1_472' title='bbox 1360 5379 1442 5437; x_wconf 87' lang='lat' dir='ltr'><strong>esse,</strong></span> 
     </span>
    </p>

    <p class='ocr_par' dir='ltr' id='par_1_20' title="bbox 145 5423 1404 5552">
     <span class='ocr_line' id='line_1_63' title="bbox 145 5423 1404 5524; baseline 0.011 -38"><span class='ocrx_word' id='word_1_473' title='bbox 145 5425 281 5486; x_wconf 84' lang='lat' dir='ltr'><strong>Ecclen&#39;is</strong></span> <span class='ocrx_word' id='word_1_474' title='bbox 298 5427 328 5484; x_wconf 93' lang='lat' dir='ltr'><strong>in</strong></span> <span class='ocrx_word' id='word_1_475' title='bbox 351 5427 501 5485; x_wconf 84' lang='lat' dir='ltr'><strong>mandatis.</strong></span> <span class='ocrx_word' id='word_1_476' title='bbox 546 5426 621 5482; x_wconf 87' lang='lat' dir='ltr'><strong>Narn</strong></span> <span class='ocrx_word' id='word_1_477' title='bbox 644 5423 833 5498; x_wconf 82' lang='lat' dir='ltr'><strong>ampllssuuos</strong></span> <span class='ocrx_word' id='word_1_478' title='bbox 851 5442 1001 5491; x_wconf 84' lang='lat' dir='ltr'><strong>senatores</strong></span> <span class='ocrx_word' id='word_1_479' title='bbox 1020 5449 1136 5496; x_wconf 77' lang='lat' dir='ltr'><strong>satarum</strong></span> <span class='ocrx_word' id='word_1_480' title='bbox 1186 5440 1239 5499; x_wconf 85' lang='lat' dir='ltr'><strong>serl</strong></span> <span class='ocrx_word' id='word_1_481' title='bbox 1267 5454 1404 5524; x_wconf 80' lang='lat' dir='ltr'><strong>utrmque</strong></span> 
     </span>
     <span class='ocr_line' id='line_1_64' title="bbox 453 5520 1072 5552; baseline -0.01 -8"><span class='ocrx_word' id='word_1_482' title='bbox 453 5526 459 5544; x_wconf 82' lang='lat' dir='ltr'><strong>r</strong></span> <span class='ocrx_word' id='word_1_483' title='bbox 486 5520 502 5544; x_wconf 84' lang='grc' dir='ltr'><strong>ιι</strong></span> <span class='ocrx_word' id='word_1_484' title='bbox 548 5534 550 5551; x_wconf 84' lang='grc'>,</span> <span class='ocrx_word' id='word_1_485' title='bbox 611 5531 613 5538; x_wconf 54' lang='grc' dir='ltr'>ι</span> <span class='ocrx_word' id='word_1_486' title='bbox 757 5529 761 5541; x_wconf 88' lang='grc'><strong>.</strong></span> <span class='ocrx_word' id='word_1_487' title='bbox 786 5541 792 5552; x_wconf 76' lang='grc'><em>,</em></span> <span class='ocrx_word' id='word_1_488' title='bbox 957 5535 960 5547; x_wconf 86' lang='grc'>,</span> <span class='ocrx_word' id='word_1_489' title='bbox 1069 5531 1072 5547; x_wconf 80' lang='grc'>,</span> 
     </span>
    </p>
   </div>
   <div class='ocr_carea' id='block_1_17' title="bbox 1215 699 2224 2588">
    <p class='ocr_par' dir='ltr' id='par_1_21' title="bbox 1215 699 2224 2588">
     <span class='ocr_line' id='line_1_65' title="bbox 1408 699 2224 808; baseline 0.045 -52"><span class='ocrx_word' id='word_1_490' title='bbox 1408 699 1550 764; x_wconf 78' lang='lat' dir='ltr'><strong>sathanas</strong></span> <span class='ocrx_word' id='word_1_491' title='bbox 1572 711 1764 786; x_wconf 78' lang='lat' dir='ltr'><strong>turbationem</strong></span> <span class='ocrx_word' id='word_1_492' title='bbox 1787 721 1872 778; x_wconf 90' lang='lat' dir='ltr'><strong>totius</strong></span> <span class='ocrx_word' id='word_1_493' title='bbox 1894 725 2042 802; x_wconf 85' lang='lat' dir='ltr'><strong>religionis</strong></span> <span class='ocrx_word' id='word_1_494' title='bbox 2061 731 2224 808; x_wconf 88' lang='lat' dir='ltr'><strong>moliretur,</strong></span> 
     </span>
     <span class='ocr_line' id='line_1_66' title="bbox 1226 782 2222 876; baseline 0.042 -41"><span class='ocrx_word' id='word_1_495' title='bbox 1226 789 1256 836; x_wconf 88' lang='lat' dir='ltr'><strong>et</strong></span> <span class='ocrx_word' id='word_1_496' title='bbox 1282 782 1465 857; x_wconf 87' lang='lat' dir='ltr'><strong>magistratus</strong></span> <span class='ocrx_word' id='word_1_497' title='bbox 1486 791 1626 866; x_wconf 84' lang='lat' dir='ltr'><strong>cogitaret</strong></span> <span class='ocrx_word' id='word_1_498' title='bbox 1648 796 1686 854; x_wconf 92' lang='lat' dir='ltr'><strong>de</strong></span> <span class='ocrx_word' id='word_1_499' title='bbox 1707 801 1886 864; x_wconf 87' lang='lat' dir='ltr'><strong>instituendo</strong></span> <span class='ocrx_word' id='word_1_500' title='bbox 1908 823 2053 872; x_wconf 82' lang='lat' dir='ltr'><strong>conventu</strong></span> <span class='ocrx_word' id='word_1_501' title='bbox 2075 815 2222 876; x_wconf 74' lang='lat' dir='ltr'><strong>Ecclesia-</strong></span> 
     </span>
     <span class='ocr_line' id='line_1_67' title="bbox 1224 866 2222 962; baseline 0.044 -43"><span class='ocrx_word' id='word_1_502' title='bbox 1224 882 1304 940; x_wconf 90' lang='lat' dir='ltr'><strong>rum,</strong></span> <span class='ocrx_word' id='word_1_503' title='bbox 1339 866 1368 924; x_wconf 92' lang='lat' dir='ltr'><strong>in</strong></span> <span class='ocrx_word' id='word_1_504' title='bbox 1399 889 1456 946; x_wconf 88' lang='lat' dir='ltr'><strong>quo</strong></span> <span class='ocrx_word' id='word_1_505' title='bbox 1485 873 1600 949; x_wconf 89' lang='lat' dir='ltr'><strong>plenius</strong></span> <span class='ocrx_word' id='word_1_506' title='bbox 1621 880 1693 940; x_wconf 89' lang='lat' dir='ltr'><strong>istae</strong></span> <span class='ocrx_word' id='word_1_507' title='bbox 1714 894 1928 954; x_wconf 85' lang='lat' dir='ltr'><strong>controversiae</strong></span> <span class='ocrx_word' id='word_1_508' title='bbox 1950 915 2050 956; x_wconf 89' lang='lat' dir='ltr'><strong>omnes</strong></span> <span class='ocrx_word' id='word_1_509' title='bbox 2072 900 2222 962; x_wconf 76' lang='lat' dir='ltr'><strong>dindicari</strong></span> 
     </span>
     <span class='ocr_line' id='line_1_68' title="bbox 1224 948 2221 1064; baseline 0.042 -59"><span class='ocrx_word' id='word_1_510' title='bbox 1224 948 1376 1010; x_wconf 90' lang='lat' dir='ltr'><strong>deberent.</strong></span> <span class='ocrx_word' id='word_1_511' title='bbox 1421 955 1532 1016; x_wconf 85' lang='lat' dir='ltr'><strong>Verum</strong></span> <span class='ocrx_word' id='word_1_512' title='bbox 1554 963 1693 1026; x_wconf 88' lang='lat' dir='ltr'><strong>eiusmodi</strong></span> <span class='ocrx_word' id='word_1_513' title='bbox 1714 989 1902 1050; x_wconf 88' lang='lat' dir='ltr'><strong>congressum</strong></span> <span class='ocrx_word' id='word_1_514' title='bbox 1923 981 2033 1040; x_wconf 88' lang='lat' dir='ltr'><strong>institui</strong></span> <span class='ocrx_word' id='word_1_515' title='bbox 2053 1003 2113 1043; x_wconf 91' lang='lat' dir='ltr'><strong>non</strong></span> <span class='ocrx_word' id='word_1_516' title='bbox 2133 1005 2221 1064; x_wconf 91' lang='lat' dir='ltr'><strong>posse</strong></span> 
     </span>
     <span class='ocr_line' id='line_1_69' title="bbox 1223 1033 2222 1142; baseline 0.042 -52"><span class='ocrx_word' id='word_1_517' title='bbox 1223 1033 1253 1092; x_wconf 92' lang='lat' dir='ltr'><strong>in</strong></span> <span class='ocrx_word' id='word_1_518' title='bbox 1275 1043 1355 1094; x_wconf 87' lang='lat' dir='ltr'><strong>tanta</strong></span> <span class='ocrx_word' id='word_1_519' title='bbox 1378 1041 1538 1101; x_wconf 88' lang='lat' dir='ltr'><strong>animorum</strong></span> <span class='ocrx_word' id='word_1_520' title='bbox 1559 1045 1755 1114; x_wconf 86' lang='lat' dir='ltr'><strong>distractione.</strong></span> <span class='ocrx_word' id='word_1_521' title='bbox 1808 1061 1911 1140; x_wconf 87' lang='lat' dir='ltr'><strong>ltaque</strong></span> <span class='ocrx_word' id='word_1_522' title='bbox 1932 1069 2063 1142; x_wconf 89' lang='lat' dir='ltr'><strong>personis</strong></span> <span class='ocrx_word' id='word_1_523' title='bbox 2083 1073 2222 1130; x_wconf 91' lang='lat' dir='ltr'><strong>concilia·</strong></span> 
     </span>
     <span class='ocr_line' id='line_1_70' title="bbox 1223 1117 2218 1217; baseline 0.042 -42"><span class='ocrx_word' id='word_1_524' title='bbox 1223 1117 1258 1176; x_wconf 91' lang='lat' dir='ltr'><strong>tis</strong></span> <span class='ocrx_word' id='word_1_525' title='bbox 1287 1121 1380 1194; x_wconf 89' lang='lat' dir='ltr'><strong>primo</strong></span> <span class='ocrx_word' id='word_1_526' title='bbox 1415 1145 1531 1204; x_wconf 90' lang='lat' dir='ltr'><strong>quoque</strong></span> <span class='ocrx_word' id='word_1_527' title='bbox 1565 1141 1697 1211; x_wconf 89' lang='lat' dir='ltr'><strong>ternpore</strong></span> <span class='ocrx_word' id='word_1_528' title='bbox 1725 1141 1877 1217; x_wconf 83' lang='lat' dir='ltr'><strong>Synodum</strong></span> <span class='ocrx_word' id='word_1_529' title='bbox 1904 1150 2111 1214; x_wconf 84' lang='lat' dir='ltr'><strong>instimendam</strong></span> <span class='ocrx_word' id='word_1_530' title='bbox 2142 1175 2218 1216; x_wconf 89' lang='lat' dir='ltr'><strong>esse.</strong></span> 
     </span>
     <span class='ocr_line' id='line_1_71' title="bbox 1221 1201 2219 1301; baseline 0.044 -43"><span class='ocrx_word' id='word_1_531' title='bbox 1221 1201 1347 1264; x_wconf 87' lang='lat' dir='ltr'><strong>Proinde</strong></span> <span class='ocrx_word' id='word_1_532' title='bbox 1368 1227 1427 1266; x_wconf 89' lang='lat' dir='ltr'><strong>nou</strong></span> <span class='ocrx_word' id='word_1_533' title='bbox 1449 1229 1513 1269; x_wconf 88' lang='lat' dir='ltr'><strong>esse</strong></span> <span class='ocrx_word' id='word_1_534' title='bbox 1535 1216 1703 1298; x_wconf 85' lang='lat' dir='ltr'><strong>obscur-um,</strong></span> <span class='ocrx_word' id='word_1_535' title='bbox 1731 1227 1755 1284; x_wconf 92' lang='lat' dir='ltr'><strong>si</strong></span> <span class='ocrx_word' id='word_1_536' title='bbox 1776 1227 1849 1288; x_wconf 79' lang='lat' dir='ltr'><strong>haec</strong></span> <span class='ocrx_word' id='word_1_537' title='bbox 1870 1251 1936 1292; x_wconf 88' lang='lat' dir='ltr'><strong>cum</strong></span> <span class='ocrx_word' id='word_1_538' title='bbox 1957 1237 2103 1300; x_wconf 86' lang='lat' dir='ltr'><strong>Marchitis</strong></span> <span class='ocrx_word' id='word_1_539' title='bbox 2123 1242 2219 1301; x_wconf 89' lang='lat' dir='ltr'><strong>debe-</strong></span> 
     </span>
     <span class='ocr_line' id='line_1_72' title="bbox 1221 1295 2218 1404; baseline 0.045 -61"><span class='ocrx_word' id='word_1_540' title='bbox 1221 1297 1289 1346; x_wconf 87' lang='lat' dir='ltr'><strong>rent</strong></span> <span class='ocrx_word' id='word_1_541' title='bbox 1311 1295 1433 1369; x_wconf 86' lang='lat' dir='ltr'><strong>tentari,</strong></span> <span class='ocrx_word' id='word_1_542' title='bbox 1463 1314 1496 1354; x_wconf 91' lang='lat' dir='ltr'><strong>se</strong></span> <span class='ocrx_word' id='word_1_543' title='bbox 1518 1308 1549 1357; x_wconf 89' lang='lat' dir='ltr'><strong>et</strong></span> <span class='ocrx_word' id='word_1_544' title='bbox 1570 1321 1685 1380; x_wconf 86' lang='lat' dir='ltr'><strong>causam</strong></span> <span class='ocrx_word' id='word_1_545' title='bbox 1707 1313 1871 1374; x_wconf 82' lang='lat' dir='ltr'><strong>turbaturus</strong></span> <span class='ocrx_word' id='word_1_546' title='bbox 1893 1330 1924 1377; x_wconf 91' lang='lat' dir='ltr'><strong>et</strong></span> <span class='ocrx_word' id='word_1_547' title='bbox 1946 1340 2004 1378; x_wconf 89' lang='lat' dir='ltr'><strong>non</strong></span> <span class='ocrx_word' id='word_1_548' title='bbox 2026 1341 2116 1400; x_wconf 80' lang='lat' dir='ltr'><strong>parra</strong></span> <span class='ocrx_word' id='word_1_549' title='bbox 2135 1329 2218 1404; x_wconf 87' lang='lat' dir='ltr'><strong>peri-</strong></span> 
     </span>
     <span class='ocr_line' id='line_1_73' title="bbox 1221 1373 2218 1488; baseline 0.042 -60"><span class='ocrx_word' id='word_1_550' title='bbox 1221 1373 1287 1430; x_wconf 91' lang='lat' dir='ltr'><strong>cula</strong></span> <span class='ocrx_word' id='word_1_551' title='bbox 1317 1377 1367 1434; x_wconf 87' lang='lat' dir='ltr'><strong>sibi</strong></span> <span class='ocrx_word' id='word_1_552' title='bbox 1397 1383 1584 1446; x_wconf 86' lang='lat' dir='ltr'><strong>accersiturus</strong></span> <span class='ocrx_word' id='word_1_553' title='bbox 1606 1406 1686 1467; x_wconf 92' lang='lat' dir='ltr'><strong>esse,</strong></span> <span class='ocrx_word' id='word_1_554' title='bbox 1721 1406 1752 1454; x_wconf 91' lang='lat' dir='ltr'><strong>et</strong></span> <span class='ocrx_word' id='word_1_555' title='bbox 1773 1397 1851 1458; x_wconf 85' lang='lat' dir='ltr'><strong>iorte</strong></span> <span class='ocrx_word' id='word_1_556' title='bbox 1873 1403 1927 1462; x_wconf 89' lang='lat' dir='ltr'><strong>bae</strong></span> <span class='ocrx_word' id='word_1_557' title='bbox 1947 1409 2095 1467; x_wconf 64' lang='lat' dir='ltr'><strong>musione</strong></span> <span class='ocrx_word' id='word_1_558' title='bbox 2116 1413 2218 1488; x_wconf 86' lang='lat' dir='ltr'><strong>pulsos</strong></span> 
     </span>
     <span class='ocr_line' id='line_1_74' title="bbox 1220 1457 2217 1572; baseline 0.044 -60"><span class='ocrx_word' id='word_1_559' title='bbox 1220 1457 1255 1513; x_wconf 93' lang='lat' dir='ltr'><strong>iri</strong></span> <span class='ocrx_word' id='word_1_560' title='bbox 1285 1477 1323 1516; x_wconf 85' lang='lat' dir='ltr'><strong>ex</strong></span> <span class='ocrx_word' id='word_1_561' title='bbox 1350 1459 1502 1541; x_wconf 86' lang='lat' dir='ltr'><strong>Ecclesiis,</strong></span> <span class='ocrx_word' id='word_1_562' title='bbox 1539 1481 1570 1529; x_wconf 90' lang='lat' dir='ltr'><strong>et</strong></span> <span class='ocrx_word' id='word_1_563' title='bbox 1603 1479 1763 1550; x_wconf 87' lang='lat' dir='ltr'><strong>praemium</strong></span> <span class='ocrx_word' id='word_1_564' title='bbox 1796 1487 2004 1561; x_wconf 79' lang='lat' dir='ltr'><strong>prophetarum</strong></span> <span class='ocrx_word' id='word_1_565' title='bbox 2036 1508 2217 1572; x_wconf 89' lang='lat' dir='ltr'><strong>accepturos.</strong></span> 
     </span>
     <span class='ocr_line' id='line_1_75' title="bbox 1219 1541 2216 1657; baseline 0.044 -59"><span class='ocrx_word' id='word_1_566' title='bbox 1219 1541 1335 1602; x_wconf 91' lang='lat' dir='ltr'><strong>Deinde</strong></span> <span class='ocrx_word' id='word_1_567' title='bbox 1364 1547 1402 1604; x_wconf 89' lang='lat' dir='ltr'><strong>de</strong></span> <span class='ocrx_word' id='word_1_568' title='bbox 1431 1553 1539 1629; x_wconf 91' lang='lat' dir='ltr'><strong>regulis</strong></span> <span class='ocrx_word' id='word_1_569' title='bbox 1560 1556 1590 1614; x_wconf 92' lang='lat' dir='ltr'><strong>in</strong></span> <span class='ocrx_word' id='word_1_570' title='bbox 1612 1563 1699 1622; x_wconf 86' lang='lat' dir='ltr'><strong>certis</strong></span> <span class='ocrx_word' id='word_1_571' title='bbox 1721 1568 1830 1628; x_wconf 86' lang='lat' dir='ltr'><strong>casibus</strong></span> <span class='ocrx_word' id='word_1_572' title='bbox 1850 1572 1999 1635; x_wconf 81' lang='lat' dir='ltr'><strong>Ecclesiae</strong></span> <span class='ocrx_word' id='word_1_573' title='bbox 2019 1579 2216 1657; x_wconf 84' lang='lat' dir='ltr'><strong>observandis,</strong></span> 
     </span>
     <span class='ocr_line' id='line_1_76' title="bbox 1219 1626 2216 1737; baseline 0.045 -55"><span class='ocrx_word' id='word_1_574' title='bbox 1219 1626 1248 1684; x_wconf 91' lang='lat' dir='ltr'><strong>in</strong></span> <span class='ocrx_word' id='word_1_575' title='bbox 1279 1646 1314 1686; x_wconf 90' lang='lat' dir='ltr'><strong>ea</strong></span> <span class='ocrx_word' id='word_1_576' title='bbox 1342 1631 1453 1706; x_wconf 83' lang='lat' dir='ltr'><strong>synodo</strong></span> <span class='ocrx_word' id='word_1_577' title='bbox 1474 1649 1554 1698; x_wconf 91' lang='lat' dir='ltr'><strong>recte</strong></span> <span class='ocrx_word' id='word_1_578' title='bbox 1568 1647 1695 1723; x_wconf 34' lang='lat' dir='ltr'><strong>,transigi</strong></span> <span class='ocrx_word' id='word_1_579' title='bbox 1716 1661 1747 1707; x_wconf 93' lang='lat' dir='ltr'><strong>et</strong></span> <span class='ocrx_word' id='word_1_580' title='bbox 1768 1652 1887 1714; x_wconf 91' lang='lat' dir='ltr'><strong>decerni</strong></span> <span class='ocrx_word' id='word_1_581' title='bbox 1909 1677 2011 1737; x_wconf 87' lang='lat' dir='ltr'><strong>posse,</strong></span> <span class='ocrx_word' id='word_1_582' title='bbox 2048 1681 2081 1722; x_wconf 83' lang='lat' dir='ltr'><strong>ac</strong></span> <span class='ocrx_word' id='word_1_583' title='bbox 2103 1684 2135 1724; x_wconf 89' lang='lat' dir='ltr'><strong>se</strong></span> <span class='ocrx_word' id='word_1_584' title='bbox 2156 1668 2216 1726; x_wconf 87' lang='lat' dir='ltr'><strong>ianr</strong></span> 
     </span>
     <span class='ocr_line' id='line_1_77' title="bbox 1219 1709 2216 1820; baseline 0.046 -54"><span class='ocrx_word' id='word_1_585' title='bbox 1219 1709 1291 1770; x_wconf 88' lang='lat' dir='ltr'><strong>haec</strong></span> <span class='ocrx_word' id='word_1_586' title='bbox 1320 1717 1415 1774; x_wconf 89' lang='lat' dir='ltr'><strong>omnia</strong></span> <span class='ocrx_word' id='word_1_587' title='bbox 1443 1739 1562 1783; x_wconf 84' lang='lat' dir='ltr'><strong>movere</strong></span> <span class='ocrx_word' id='word_1_588' title='bbox 1592 1746 1649 1786; x_wconf 89' lang='lat' dir='ltr'><strong>non</strong></span> <span class='ocrx_word' id='word_1_589' title='bbox 1679 1751 1781 1810; x_wconf 88' lang='lat' dir='ltr'><strong>posse,</strong></span> <span class='ocrx_word' id='word_1_590' title='bbox 1815 1757 1912 1818; x_wconf 89' lang='lat' dir='ltr'><strong>neque</strong></span> <span class='ocrx_word' id='word_1_591' title='bbox 1940 1751 2087 1820; x_wconf 88' lang='lat' dir='ltr'><strong>praesenti</strong></span> <span class='ocrx_word' id='word_1_592' title='bbox 2109 1767 2216 1810; x_wconf 83' lang='lat' dir='ltr'><strong>cassae</strong></span> 
     </span>
     <span class='ocr_line' id='line_1_78' title="bbox 1219 1799 2214 1913; baseline 0.044 -61"><span class='ocrx_word' id='word_1_593' title='bbox 1219 1799 1382 1858; x_wconf 88' lang='lat' dir='ltr'><strong>consultum</strong></span> <span class='ocrx_word' id='word_1_594' title='bbox 1405 1804 1506 1864; x_wconf 81' lang='lat' dir='ltr'><strong>rideri.</strong></span> <span class='ocrx_word' id='word_1_595' title='bbox 1551 1809 1696 1888; x_wconf 84' lang='lat' dir='ltr'><strong>Lipsicutu</strong></span> <span class='ocrx_word' id='word_1_596' title='bbox 1718 1836 1805 1895; x_wconf 92' lang='lat' dir='ltr'><strong>porro</strong></span> <span class='ocrx_word' id='word_1_597' title='bbox 1818 1824 1938 1887; x_wconf 88' lang='lat' dir='ltr'><strong>Interim</strong></span> <span class='ocrx_word' id='word_1_598' title='bbox 1958 1831 1988 1888; x_wconf 88' lang='lat' dir='ltr'><strong>in</strong></span> <span class='ocrx_word' id='word_1_599' title='bbox 2009 1833 2137 1893; x_wconf 86' lang='lat' dir='ltr'><strong>articulis</strong></span> <span class='ocrx_word' id='word_1_600' title='bbox 2157 1853 2214 1913; x_wconf 93' lang='lat' dir='ltr'><strong>po-</strong></span> 
     </span>
     <span class='ocr_line' id='line_1_79' title="bbox 1219 1881 2214 2000; baseline 0.044 -63"><span class='ocrx_word' id='word_1_601' title='bbox 1219 1881 1278 1939; x_wconf 87' lang='lat' dir='ltr'><strong>sitis</strong></span> <span class='ocrx_word' id='word_1_602' title='bbox 1307 1903 1365 1942; x_wconf 91' lang='lat' dir='ltr'><strong>non</strong></span> <span class='ocrx_word' id='word_1_603' title='bbox 1390 1889 1510 1948; x_wconf 90' lang='lat' dir='ltr'><strong>obscure</strong></span> <span class='ocrx_word' id='word_1_604' title='bbox 1531 1898 1753 1979; x_wconf 81' lang='lat' dir='ltr'><strong>comprehendi,</strong></span> <span class='ocrx_word' id='word_1_605' title='bbox 1788 1925 1843 1968; x_wconf 88' lang='lat' dir='ltr'><strong>nec</strong></span> <span class='ocrx_word' id='word_1_606' title='bbox 1866 1929 1930 1971; x_wconf 85' lang='lat' dir='ltr'><strong>esse</strong></span> <span class='ocrx_word' id='word_1_607' title='bbox 1951 1916 2098 1994; x_wconf 89' lang='lat' dir='ltr'><strong>ignotum,</strong></span> <span class='ocrx_word' id='word_1_608' title='bbox 2132 1924 2214 2000; x_wconf 90' lang='lat' dir='ltr'><strong>quod</strong></span> 
     </span>
     <span class='ocr_line' id='line_1_80' title="bbox 1218 1969 2213 2071; baseline 0.042 -47"><span class='ocrx_word' id='word_1_609' title='bbox 1218 1983 1256 2024; x_wconf 88' lang='lat' dir='ltr'><strong>ex</strong></span> <span class='ocrx_word' id='word_1_610' title='bbox 1285 1969 1352 2026; x_wconf 90' lang='lat' dir='ltr'><strong>aula</strong></span> <span class='ocrx_word' id='word_1_611' title='bbox 1383 1982 1414 2030; x_wconf 91' lang='lat' dir='ltr'><strong>et</strong></span> <span class='ocrx_word' id='word_1_612' title='bbox 1441 1975 1570 2037; x_wconf 88' lang='lat' dir='ltr'><strong>civilibus</strong></span> <span class='ocrx_word' id='word_1_613' title='bbox 1591 1987 1713 2060; x_wconf 88' lang='lat' dir='ltr'><strong>negotiis</strong></span> <span class='ocrx_word' id='word_1_614' title='bbox 1736 2001 1836 2050; x_wconf 88' lang='lat' dir='ltr'><strong>natum</strong></span> <span class='ocrx_word' id='word_1_615' title='bbox 1858 1997 1908 2071; x_wconf 88' lang='lat' dir='ltr'><strong>sit,</strong></span> <span class='ocrx_word' id='word_1_616' title='bbox 1936 2017 1970 2056; x_wconf 90' lang='lat' dir='ltr'><strong>ac</strong></span> <span class='ocrx_word' id='word_1_617' title='bbox 1991 2019 2024 2060; x_wconf 90' lang='lat' dir='ltr'><strong>se</strong></span> <span class='ocrx_word' id='word_1_618' title='bbox 2046 2011 2159 2063; x_wconf 89' lang='lat' dir='ltr'><strong>tantum</strong></span> <span class='ocrx_word' id='word_1_619' title='bbox 2180 2009 2213 2066; x_wconf 92' lang='lat' dir='ltr'><strong>in</strong></span> 
     </span>
     <span class='ocr_line' id='line_1_81' title="bbox 1217 2051 2210 2158; baseline 0.04 -50"><span class='ocrx_word' id='word_1_620' title='bbox 1217 2051 1272 2108; x_wconf 92' lang='lat' dir='ltr'><strong>lroc</strong></span> <span class='ocrx_word' id='word_1_621' title='bbox 1289 2070 1368 2130; x_wconf 89' lang='lat' dir='ltr'><strong>esse,</strong></span> <span class='ocrx_word' id='word_1_622' title='bbox 1392 2068 1424 2114; x_wconf 87' lang='lat' dir='ltr'><strong>ut</strong></span> <span class='ocrx_word' id='word_1_623' title='bbox 1445 2073 1568 2123; x_wconf 85' lang='lat' dir='ltr'><strong>caveant</strong></span> <span class='ocrx_word' id='word_1_624' title='bbox 1588 2069 1711 2130; x_wconf 74' lang='lat' dir='ltr'><strong>maioma</strong></span> <span class='ocrx_word' id='word_1_625' title='bbox 1730 2086 1841 2153; x_wconf 89' lang='lat' dir='ltr'><strong>motus,</strong></span> <span class='ocrx_word' id='word_1_626' title='bbox 1862 2099 2011 2158; x_wconf 83' lang='lat' dir='ltr'><strong>asparem</strong></span> <span class='ocrx_word' id='word_1_627' title='bbox 2025 2089 2210 2150; x_wconf 87' lang='lat' dir='ltr'><strong>constituant.</strong></span> 
     </span>
     <span class='ocr_line' id='line_1_82' title="bbox 1217 2135 2212 2250; baseline 0.045 -59"><span class='ocrx_word' id='word_1_628' title='bbox 1217 2135 1310 2195; x_wconf 88' lang='lat' dir='ltr'><strong>Hasce</strong></span> <span class='ocrx_word' id='word_1_629' title='bbox 1333 2140 1367 2197; x_wconf 95' lang='lat' dir='ltr'><strong>ob</strong></span> <span class='ocrx_word' id='word_1_630' title='bbox 1389 2160 1490 2202; x_wconf 90' lang='lat' dir='ltr'><strong>causas</strong></span> <span class='ocrx_word' id='word_1_631' title='bbox 1512 2149 1653 2229; x_wconf 87' lang='lat' dir='ltr'><strong>suadere,</strong></span> <span class='ocrx_word' id='word_1_632' title='bbox 1681 2173 1721 2214; x_wconf 88' lang='lat' dir='ltr'><strong>ne</strong></span> <span class='ocrx_word' id='word_1_633' title='bbox 1743 2169 1896 2238; x_wconf 88' lang='lat' dir='ltr'><strong>tantopere</strong></span> <span class='ocrx_word' id='word_1_634' title='bbox 1919 2181 2044 2245; x_wconf 88' lang='lat' dir='ltr'><strong>urgeant</strong></span> <span class='ocrx_word' id='word_1_635' title='bbox 2063 2173 2212 2250; x_wconf 86' lang='lat' dir='ltr'><strong>Lipsicum</strong></span> 
     </span>
     <span class='ocr_line' id='line_1_83' title="bbox 1216 2219 2212 2328; baseline 0.045 -53"><span class='ocrx_word' id='word_1_636' title='bbox 1216 2219 1352 2298; x_wconf 88' lang='lat' dir='ltr'><strong>Interim,</strong></span> <span class='ocrx_word' id='word_1_637' title='bbox 1380 2243 1419 2284; x_wconf 88' lang='lat' dir='ltr'><strong>ne</strong></span> <span class='ocrx_word' id='word_1_638' title='bbox 1442 2239 1472 2286; x_wconf 90' lang='lat' dir='ltr'><strong>et</strong></span> <span class='ocrx_word' id='word_1_639' title='bbox 1492 2234 1623 2306; x_wconf 90' lang='lat' dir='ltr'><strong>pericula</strong></span> <span class='ocrx_word' id='word_1_640' title='bbox 1644 2241 1751 2300; x_wconf 90' lang='lat' dir='ltr'><strong>maiora</strong></span> <span class='ocrx_word' id='word_1_641' title='bbox 1772 2247 1842 2306; x_wconf 90' lang='lat' dir='ltr'><strong>inde</strong></span> <span class='ocrx_word' id='word_1_642' title='bbox 1856 2267 2025 2328; x_wconf 88' lang='lat' dir='ltr'><strong>sequantur.</strong></span> <span class='ocrx_word' id='word_1_643' title='bbox 2067 2259 2212 2320; x_wconf 79' lang='lat' dir='ltr'><strong>Artiorrlos</strong></span> 
     </span>
     <span class='ocr_line' id='line_1_84' title="bbox 1216 2313 2212 2419; baseline 0.047 -60"><span class='ocrx_word' id='word_1_644' title='bbox 1216 2322 1286 2363; x_wconf 89' lang='lat' dir='ltr'><strong>ase</strong></span> <span class='ocrx_word' id='word_1_645' title='bbox 1313 2313 1473 2386; x_wconf 88' lang='lat' dir='ltr'><strong>propositos</strong></span> <span class='ocrx_word' id='word_1_646' title='bbox 1502 2317 1641 2396; x_wconf 87' lang='lat' dir='ltr'><strong>singulari</strong></span> <span class='ocrx_word' id='word_1_647' title='bbox 1667 2329 1784 2387; x_wconf 81' lang='lat' dir='ltr'><strong>corrrilio</strong></span> <span class='ocrx_word' id='word_1_648' title='bbox 1812 2333 1853 2391; x_wconf 87' lang='lat' dir='ltr'><strong>ita</strong></span> <span class='ocrx_word' id='word_1_649' title='bbox 1882 2353 1946 2397; x_wconf 87' lang='lat' dir='ltr'><strong>esse</strong></span> <span class='ocrx_word' id='word_1_650' title='bbox 1973 2340 2140 2419; x_wconf 85' lang='lat' dir='ltr'><strong>adornatos,</strong></span> <span class='ocrx_word' id='word_1_651' title='bbox 2175 2357 2212 2404; x_wconf 89' lang='lat' dir='ltr'><strong>ut</strong></span> 
     </span>
     <span class='ocr_line' id='line_1_85' title="bbox 1216 2393 2204 2500; baseline 0.046 -55"><span class='ocrx_word' id='word_1_652' title='bbox 1216 2408 1290 2447; x_wconf 92' lang='lat' dir='ltr'><strong>unus</strong></span> <span class='ocrx_word' id='word_1_653' title='bbox 1311 2393 1436 2454; x_wconf 88' lang='lat' dir='ltr'><strong>alterum</strong></span> <span class='ocrx_word' id='word_1_654' title='bbox 1458 2400 1597 2462; x_wconf 87' lang='lat' dir='ltr'><strong>declaret.</strong></span> <span class='ocrx_word' id='word_1_655' title='bbox 1641 2408 1828 2491; x_wconf 87' lang='lat' dir='ltr'><strong>Quapropter</strong></span> <span class='ocrx_word' id='word_1_656' title='bbox 1849 2437 1882 2478; x_wconf 90' lang='lat' dir='ltr'><strong>se</strong></span> <span class='ocrx_word' id='word_1_657' title='bbox 1902 2441 2022 2500; x_wconf 88' lang='lat' dir='ltr'><strong>rogare,</strong></span> <span class='ocrx_word' id='word_1_658' title='bbox 2044 2428 2204 2487; x_wconf 80' lang='lat' dir='ltr'><strong>ne&#39;detre-</strong></span> 
     </span>
     <span class='ocr_line' id='line_1_86' title="bbox 1215 2480 2201 2588; baseline 0.043 -58"><span class='ocrx_word' id='word_1_659' title='bbox 1215 2483 1295 2533; x_wconf 91' lang='lat' dir='ltr'><strong>ctent</strong></span> <span class='ocrx_word' id='word_1_660' title='bbox 1330 2480 1480 2560; x_wconf 86' lang='lat' dir='ltr'><strong>articulos,</strong></span> <span class='ocrx_word' id='word_1_661' title='bbox 1514 2503 1621 2564; x_wconf 91' lang='lat' dir='ltr'><strong>eosque</strong></span> <span class='ocrx_word' id='word_1_662' title='bbox 1657 2508 1743 2569; x_wconf 88' lang='lat' dir='ltr'><strong>prout</strong></span> <span class='ocrx_word' id='word_1_663' title='bbox 1775 2515 1880 2562; x_wconf 90' lang='lat' dir='ltr'><strong>sonent</strong></span> <span class='ocrx_word' id='word_1_664' title='bbox 1907 2509 2129 2588; x_wconf 87' lang='lat' dir='ltr'><strong>amplectantur,</strong></span> <span class='ocrx_word' id='word_1_665' title='bbox 2160 2531 2201 2571; x_wconf 89' lang='lat' dir='ltr'><strong>ne</strong></span> 
     </span>
    </p>
   </div>
   <div class='ocr_carea' id='block_1_18' title="bbox 1195 2559 2212 5030">
    <p class='ocr_par' dir='ltr' id='par_1_22' title="bbox 1195 2559 2212 5030">
     <span class='ocr_line' id='line_1_87' title="bbox 1215 2559 2204 2673; baseline 0.044 -60"><span class='ocrx_word' id='word_1_666' title='bbox 1215 2559 1306 2618; x_wconf 92' lang='lat' dir='ltr'><strong>omnis</strong></span> <span class='ocrx_word' id='word_1_667' title='bbox 1341 2582 1408 2640; x_wconf 89' lang='lat' dir='ltr'><strong>spes</strong></span> <span class='ocrx_word' id='word_1_668' title='bbox 1439 2571 1607 2632; x_wconf 87' lang='lat' dir='ltr'><strong>concordiae</strong></span> <span class='ocrx_word' id='word_1_669' title='bbox 1634 2595 1751 2652; x_wconf 87' lang='lat' dir='ltr'><strong>prorsus</strong></span> <span class='ocrx_word' id='word_1_670' title='bbox 1781 2587 1933 2648; x_wconf 89' lang='lat' dir='ltr'><strong>adimatur.</strong></span> <span class='ocrx_word' id='word_1_671' title='bbox 1992 2596 2144 2673; x_wconf 86' lang='lat' dir='ltr'><strong>Negotium</strong></span> <span class='ocrx_word' id='word_1_672' title='bbox 2171 2607 2204 2656; x_wconf 91' lang='lat' dir='ltr'><strong>et</strong></span> 
     </span>
     <span class='ocr_line' id='line_1_88' title="bbox 1214 2649 2205 2755; baseline 0.046 -56"><span class='ocrx_word' id='word_1_673' title='bbox 1214 2661 1325 2702; x_wconf 89' lang='lat' dir='ltr'><strong>causam</strong></span> <span class='ocrx_word' id='word_1_674' title='bbox 1362 2649 1659 2732; x_wconf 86' lang='lat' dir='ltr'><strong>Magdeburgensibus</strong></span> <span class='ocrx_word' id='word_1_675' title='bbox 1695 2683 1727 2724; x_wconf 88' lang='lat' dir='ltr'><strong>se</strong></span> <span class='ocrx_word' id='word_1_676' title='bbox 1762 2673 1877 2732; x_wconf 88' lang='lat' dir='ltr'><strong>omnino</strong></span> <span class='ocrx_word' id='word_1_677' title='bbox 1910 2675 2055 2755; x_wconf 88' lang='lat' dir='ltr'><strong>integram</strong></span> <span class='ocrx_word' id='word_1_678' title='bbox 2089 2691 2119 2740; x_wconf 88' lang='lat' dir='ltr'><strong>et</strong></span> <span class='ocrx_word' id='word_1_679' title='bbox 2149 2682 2205 2739; x_wconf 80' lang='lat' dir='ltr'><strong>in·</strong></span> 
     </span>
     <span class='ocr_line' id='line_1_89' title="bbox 1213 2728 2205 2842; baseline 0.045 -59"><span class='ocrx_word' id='word_1_680' title='bbox 1213 2728 1347 2788; x_wconf 78' lang='lat' dir='ltr'><strong>violatam</strong></span> <span class='ocrx_word' id='word_1_681' title='bbox 1374 2736 1559 2816; x_wconf 87' lang='lat' dir='ltr'><strong>relinquere,</strong></span> <span class='ocrx_word' id='word_1_682' title='bbox 1593 2761 1647 2804; x_wconf 91' lang='lat' dir='ltr'><strong>nec</strong></span> <span class='ocrx_word' id='word_1_683' title='bbox 1676 2767 1779 2810; x_wconf 82' lang='lat' dir='ltr'><strong>vocare</strong></span> <span class='ocrx_word' id='word_1_684' title='bbox 1802 2773 1866 2814; x_wconf 89' lang='lat' dir='ltr'><strong>eam</strong></span> <span class='ocrx_word' id='word_1_685' title='bbox 1887 2777 2001 2822; x_wconf 85' lang='lat' dir='ltr'><strong>causam</strong></span> <span class='ocrx_word' id='word_1_686' title='bbox 2022 2765 2053 2821; x_wconf 92' lang='lat' dir='ltr'><strong>in</strong></span> <span class='ocrx_word' id='word_1_687' title='bbox 2075 2765 2205 2842; x_wconf 90' lang='lat' dir='ltr'><strong>dubium,</strong></span> 
     </span>
     <span class='ocr_line' id='line_1_90' title="bbox 1213 2815 2206 2925; baseline 0.042 -56"><span class='ocrx_word' id='word_1_688' title='bbox 1213 2821 1243 2870; x_wconf 90' lang='lat' dir='ltr'><strong>et</strong></span> <span class='ocrx_word' id='word_1_689' title='bbox 1273 2815 1322 2872; x_wconf 82' lang='lat' dir='ltr'><strong>rel</strong></span> <span class='ocrx_word' id='word_1_690' title='bbox 1348 2817 1415 2876; x_wconf 92' lang='lat' dir='ltr'><strong>lrinc</strong></span> <span class='ocrx_word' id='word_1_691' title='bbox 1443 2821 1577 2902; x_wconf 86' lang='lat' dir='ltr'><strong>dubium,</strong></span> <span class='ocrx_word' id='word_1_692' title='bbox 1623 2841 1653 2888; x_wconf 90' lang='lat' dir='ltr'><strong>et</strong></span> <span class='ocrx_word' id='word_1_693' title='bbox 1680 2836 1729 2892; x_wconf 84' lang='lat' dir='ltr'><strong>rel</strong></span> <span class='ocrx_word' id='word_1_694' title='bbox 1757 2837 1824 2898; x_wconf 89' lang='lat' dir='ltr'><strong>binc</strong></span> <span class='ocrx_word' id='word_1_695' title='bbox 1850 2843 1928 2920; x_wconf 87' lang='lat' dir='ltr'><strong>ipsos</strong></span> <span class='ocrx_word' id='word_1_696' title='bbox 1953 2865 2040 2925; x_wconf 84' lang='lat' dir='ltr'><strong>porse</strong></span> <span class='ocrx_word' id='word_1_697' title='bbox 2066 2850 2206 2910; x_wconf 88' lang='lat' dir='ltr'><strong>iudicium</strong></span> 
     </span>
     <span class='ocr_line' id='line_1_91' title="bbox 1211 2895 2204 3011; baseline 0.041 -58"><span class='ocrx_word' id='word_1_698' title='bbox 1211 2895 1326 2975; x_wconf 84' lang='lat' dir='ltr'><strong>iacere,</strong></span> <span class='ocrx_word' id='word_1_699' title='bbox 1369 2904 1438 2980; x_wconf 90' lang='lat' dir='ltr'><strong>quid</strong></span> <span class='ocrx_word' id='word_1_700' title='bbox 1472 2910 1646 2972; x_wconf 88' lang='lat' dir='ltr'><strong>mediatores</strong></span> <span class='ocrx_word' id='word_1_701' title='bbox 1679 2921 1822 2999; x_wconf 88' lang='lat' dir='ltr'><strong>sentiunt,</strong></span> <span class='ocrx_word' id='word_1_702' title='bbox 1863 2930 1933 3006; x_wconf 88' lang='lat' dir='ltr'><strong>quid</strong></span> <span class='ocrx_word' id='word_1_703' title='bbox 1971 2934 2204 3011; x_wconf 87' lang='lat' dir='ltr'><strong>reprehendant.</strong></span> 
     </span>
     <span class='ocr_line' id='line_1_92' title="bbox 1210 2983 2210 3095; baseline 0.045 -56"><span class='ocrx_word' id='word_1_704' title='bbox 1210 2983 1317 3042; x_wconf 87' lang='lat' dir='ltr'><strong>lterum</strong></span> <span class='ocrx_word' id='word_1_705' title='bbox 1346 2987 1432 3064; x_wconf 91' lang='lat' dir='ltr'><strong>igitur</strong></span> <span class='ocrx_word' id='word_1_706' title='bbox 1462 3011 1494 3052; x_wconf 90' lang='lat' dir='ltr'><strong>se</strong></span> <span class='ocrx_word' id='word_1_707' title='bbox 1522 2995 1630 3056; x_wconf 85' lang='lat' dir='ltr'><strong>hortari</strong></span> <span class='ocrx_word' id='word_1_708' title='bbox 1659 3019 1697 3060; x_wconf 81' lang='lat' dir='ltr'><strong>ne</strong></span> <span class='ocrx_word' id='word_1_709' title='bbox 1726 3006 1876 3070; x_wconf 80' lang='lat' dir='ltr'><strong>discedent</strong></span> <span class='ocrx_word' id='word_1_710' title='bbox 1902 3016 2055 3095; x_wconf 84' lang='lat' dir='ltr'><strong>quiequam</strong></span> <span class='ocrx_word' id='word_1_711' title='bbox 2077 3021 2114 3080; x_wconf 82' lang='lat' dir='ltr'><strong>ab</strong></span> <span class='ocrx_word' id='word_1_712' title='bbox 2141 3022 2210 3080; x_wconf 67' lang='lat' dir='ltr'><strong>isti»</strong></span> 
     </span>
     <span class='ocr_line' id='line_1_93' title="bbox 1210 3069 2205 3164; baseline 0.046 -42"><span class='ocrx_word' id='word_1_713' title='bbox 1210 3069 1352 3146; x_wconf 84' lang='lat' dir='ltr'><strong>articulis,</strong></span> <span class='ocrx_word' id='word_1_714' title='bbox 1386 3094 1456 3150; x_wconf 86' lang='lat' dir='ltr'><strong>quos</strong></span> <span class='ocrx_word' id='word_1_715' title='bbox 1490 3080 1669 3143; x_wconf 84' lang='lat' dir='ltr'><strong>obtulissent.</strong></span> <span class='ocrx_word' id='word_1_716' title='bbox 1734 3092 1819 3158; x_wconf 87' lang='lat' dir='ltr'><strong>Quod</strong></span> <span class='ocrx_word' id='word_1_717' title='bbox 1847 3098 1871 3156; x_wconf 89' lang='lat' dir='ltr'><strong>si</strong></span> <span class='ocrx_word' id='word_1_718' title='bbox 1899 3111 1997 3160; x_wconf 80' lang='lat' dir='ltr'><strong>autem</strong></span> <span class='ocrx_word' id='word_1_719' title='bbox 2032 3121 2099 3164; x_wconf 84' lang='lat' dir='ltr'><strong>eum</strong></span> <span class='ocrx_word' id='word_1_720' title='bbox 2132 3123 2205 3164; x_wconf 81' lang='lat' dir='ltr'><strong>sett-</strong></span> 
     </span>
     <span class='ocr_line' id='line_1_94' title="bbox 1210 3159 2204 3257; baseline 0.042 -49"><span class='ocrx_word' id='word_1_721' title='bbox 1210 3171 1273 3209; x_wconf 90' lang='lat' dir='ltr'><strong>sum</strong></span> <span class='ocrx_word' id='word_1_722' title='bbox 1301 3159 1480 3234; x_wconf 90' lang='lat' dir='ltr'><strong>repudiaturl</strong></span> <span class='ocrx_word' id='word_1_723' title='bbox 1503 3175 1534 3222; x_wconf 90' lang='lat' dir='ltr'><strong>et</strong></span> <span class='ocrx_word' id='word_1_724' title='bbox 1556 3165 1728 3246; x_wconf 86' lang='lat' dir='ltr'><strong>denegaturi</strong></span> <span class='ocrx_word' id='word_1_725' title='bbox 1750 3191 1864 3257; x_wconf 79' lang='lat' dir='ltr'><strong>essem,</strong></span> <span class='ocrx_word' id='word_1_726' title='bbox 1898 3201 1930 3242; x_wconf 83' lang='lat' dir='ltr'><strong>se</strong></span> <span class='ocrx_word' id='word_1_727' title='bbox 1952 3187 2006 3245; x_wconf 84' lang='lat' dir='ltr'><strong>iste</strong></span> <span class='ocrx_word' id='word_1_728' title='bbox 2026 3189 2111 3247; x_wconf 82' lang='lat' dir='ltr'><strong>urtica</strong></span> <span class='ocrx_word' id='word_1_729' title='bbox 2128 3209 2204 3248; x_wconf 85' lang='lat' dir='ltr'><strong>con-</strong></span> 
     </span>
     <span class='ocr_line' id='line_1_95' title="bbox 1209 3235 2205 3352; baseline 0.046 -60"><span class='ocrx_word' id='word_1_730' title='bbox 1209 3235 1348 3298; x_wconf 86' lang='lat' dir='ltr'><strong>solatione</strong></span> <span class='ocrx_word' id='word_1_731' title='bbox 1376 3240 1548 3324; x_wconf 81' lang='lat' dir='ltr'><strong>sustentari,</strong></span> <span class='ocrx_word' id='word_1_732' title='bbox 1589 3255 1667 3330; x_wconf 90' lang='lat' dir='ltr'><strong>quod</strong></span> <span class='ocrx_word' id='word_1_733' title='bbox 1694 3258 1768 3317; x_wconf 87' lang='lat' dir='ltr'><strong>bono</strong></span> <span class='ocrx_word' id='word_1_734' title='bbox 1797 3267 1969 3330; x_wconf 89' lang='lat' dir='ltr'><strong>conscientia</strong></span> <span class='ocrx_word' id='word_1_735' title='bbox 1998 3274 2093 3331; x_wconf 84' lang='lat' dir='ltr'><strong>omnia</strong></span> <span class='ocrx_word' id='word_1_736' title='bbox 2121 3275 2205 3352; x_wconf 76' lang='lat' dir='ltr'><strong>egis-</strong></span> 
     </span>
     <span class='ocr_line' id='line_1_96' title="bbox 1208 3330 2204 3418; baseline 0.044 -42"><span class='ocrx_word' id='word_1_737' title='bbox 1208 3331 1289 3397; x_wconf 89' lang='lat' dir='ltr'><strong>sent,</strong></span> <span class='ocrx_word' id='word_1_738' title='bbox 1322 3337 1355 3382; x_wconf 88' lang='lat' dir='ltr'><strong>ut</strong></span> <span class='ocrx_word' id='word_1_739' title='bbox 1384 3330 1432 3406; x_wconf 93' lang='lat' dir='ltr'><strong>qui</strong></span> <span class='ocrx_word' id='word_1_740' title='bbox 1454 3331 1511 3391; x_wconf 90' lang='lat' dir='ltr'><strong>sint</strong></span> <span class='ocrx_word' id='word_1_741' title='bbox 1533 3333 1612 3396; x_wconf 88' lang='lat' dir='ltr'><strong>brevi</strong></span> <span class='ocrx_word' id='word_1_742' title='bbox 1632 3340 1664 3398; x_wconf 92' lang='lat' dir='ltr'><strong>in</strong></span> <span class='ocrx_word' id='word_1_743' title='bbox 1684 3345 1835 3406; x_wconf 84' lang='lat' dir='ltr'><strong>novissimo</strong></span> <span class='ocrx_word' id='word_1_744' title='bbox 1857 3352 1906 3412; x_wconf 93' lang='lat' dir='ltr'><strong>die</strong></span> <span class='ocrx_word' id='word_1_745' title='bbox 1926 3354 2000 3414; x_wconf 90' lang='lat' dir='ltr'><strong>iusto</strong></span> <span class='ocrx_word' id='word_1_746' title='bbox 2021 3357 2107 3416; x_wconf 90' lang='lat' dir='ltr'><strong>iudici</strong></span> <span class='ocrx_word' id='word_1_747' title='bbox 2128 3361 2204 3418; x_wconf 85' lang='lat' dir='ltr'><strong>red-</strong></span> 
     </span>
     <span class='ocr_line' id='line_1_97' title="bbox 1208 3405 2204 3516; baseline 0.046 -56"><span class='ocrx_word' id='word_1_748' title='bbox 1208 3405 1294 3463; x_wconf 90' lang='lat' dir='ltr'><strong>dituri</strong></span> <span class='ocrx_word' id='word_1_749' title='bbox 1316 3411 1472 3490; x_wconf 88' lang='lat' dir='ltr'><strong>rationem,</strong></span> <span class='ocrx_word' id='word_1_750' title='bbox 1500 3435 1532 3477; x_wconf 89' lang='lat' dir='ltr'><strong>se</strong></span> <span class='ocrx_word' id='word_1_751' title='bbox 1554 3422 1640 3482; x_wconf 86' lang='lat' dir='ltr'><strong>etiam</strong></span> <span class='ocrx_word' id='word_1_752' title='bbox 1654 3443 1709 3501; x_wconf 91' lang='lat' dir='ltr'><strong>pro</strong></span> <span class='ocrx_word' id='word_1_753' title='bbox 1722 3429 1791 3506; x_wconf 86' lang='lat' dir='ltr'><strong>ipsis</strong></span> <span class='ocrx_word' id='word_1_754' title='bbox 1806 3451 1870 3494; x_wconf 84' lang='lat' dir='ltr'><strong>esse</strong></span> <span class='ocrx_word' id='word_1_755' title='bbox 1885 3439 2034 3516; x_wconf 88' lang='lat' dir='ltr'><strong>sollicitos,</strong></span> <span class='ocrx_word' id='word_1_756' title='bbox 2055 3460 2095 3500; x_wconf 84' lang='lat' dir='ltr'><strong>ne</strong></span> <span class='ocrx_word' id='word_1_757' title='bbox 2107 3446 2204 3503; x_wconf 79' lang='lat' dir='ltr'><strong>omnis</strong></span> 
     </span>
     <span class='ocr_line' id='line_1_98' title="bbox 1208 3489 2204 3603; baseline 0.039 -53"><span class='ocrx_word' id='word_1_758' title='bbox 1208 3489 1369 3568; x_wconf 72' lang='lat' dir='ltr'><strong>Ungllmpf,</strong></span> <span class='ocrx_word' id='word_1_759' title='bbox 1405 3499 1482 3576; x_wconf 83' lang='lat' dir='ltr'><strong>quod</strong></span> <span class='ocrx_word' id='word_1_760' title='bbox 1504 3503 1644 3565; x_wconf 86' lang='lat' dir='ltr'><strong>Germani</strong></span> <span class='ocrx_word' id='word_1_761' title='bbox 1666 3511 1782 3588; x_wconf 89' lang='lat' dir='ltr'><strong>dicunt,</strong></span> <span class='ocrx_word' id='word_1_762' title='bbox 1811 3535 1848 3578; x_wconf 78' lang='lat' dir='ltr'><strong>eu</strong></span> <span class='ocrx_word' id='word_1_763' title='bbox 1871 3522 1998 3600; x_wconf 87' lang='lat' dir='ltr'><strong>ipsorum</strong></span> <span class='ocrx_word' id='word_1_764' title='bbox 2018 3539 2104 3603; x_wconf 89' lang='lat' dir='ltr'><strong>parte</strong></span> <span class='ocrx_word' id='word_1_765' title='bbox 2125 3528 2204 3587; x_wconf 83' lang='lat' dir='ltr'><strong>hae·</strong></span> 
     </span>
     <span class='ocr_line' id='line_1_99' title="bbox 1206 3579 2202 3690; baseline 0.041 -59"><span class='ocrx_word' id='word_1_766' title='bbox 1206 3587 1285 3651; x_wconf 90' lang='lat' dir='ltr'><strong>reat,</strong></span> <span class='ocrx_word' id='word_1_767' title='bbox 1322 3579 1375 3639; x_wconf 91' lang='lat' dir='ltr'><strong>boc</strong></span> <span class='ocrx_word' id='word_1_768' title='bbox 1398 3594 1458 3658; x_wconf 87' lang='lat' dir='ltr'><strong>est,</strong></span> <span class='ocrx_word' id='word_1_769' title='bbox 1488 3598 1519 3646; x_wconf 92' lang='lat' dir='ltr'><strong>ut</strong></span> <span class='ocrx_word' id='word_1_770' title='bbox 1540 3607 1595 3666; x_wconf 90' lang='lat' dir='ltr'><strong>per</strong></span> <span class='ocrx_word' id='word_1_771' title='bbox 1613 3593 1694 3671; x_wconf 91' lang='lat' dir='ltr'><strong>ipsos</strong></span> <span class='ocrx_word' id='word_1_772' title='bbox 1712 3601 1826 3660; x_wconf 83' lang='lat' dir='ltr'><strong>stetisse</strong></span> <span class='ocrx_word' id='word_1_773' title='bbox 1848 3606 1995 3685; x_wconf 83' lang='lat' dir='ltr'><strong>rideatur,</strong></span> <span class='ocrx_word' id='word_1_774' title='bbox 2024 3615 2202 3690; x_wconf 88' lang='lat' dir='ltr'><strong>quominus</strong></span> 
     </span>
     <span class='ocr_line' id='line_1_100' title="bbox 1205 3661 2200 3770; baseline 0.042 -53"><span class='ocrx_word' id='word_1_775' title='bbox 1205 3661 1336 3720; x_wconf 88' lang='lat' dir='ltr'><strong>salutaris</strong></span> <span class='ocrx_word' id='word_1_776' title='bbox 1366 3685 1424 3744; x_wconf 82' lang='lat' dir='ltr'><strong>pax</strong></span> <span class='ocrx_word' id='word_1_777' title='bbox 1454 3670 1491 3728; x_wconf 90' lang='lat' dir='ltr'><strong>sit</strong></span> <span class='ocrx_word' id='word_1_778' title='bbox 1511 3673 1590 3732; x_wconf 91' lang='lat' dir='ltr'><strong>inita.</strong></span> <span class='ocrx_word' id='word_1_779' title='bbox 1641 3680 1711 3738; x_wconf 78' lang='lat' dir='ltr'><strong>Aliis</strong></span> <span class='ocrx_word' id='word_1_780' title='bbox 1734 3685 1821 3744; x_wconf 87' lang='lat' dir='ltr'><strong>etiam</strong></span> <span class='ocrx_word' id='word_1_781' title='bbox 1841 3688 1917 3750; x_wconf 87' lang='lat' dir='ltr'><strong>banc</strong></span> <span class='ocrx_word' id='word_1_782' title='bbox 1938 3694 2028 3770; x_wconf 87' lang='lat' dir='ltr'><strong>ipsam</strong></span> <span class='ocrx_word' id='word_1_783' title='bbox 2049 3715 2114 3755; x_wconf 90' lang='lat' dir='ltr'><strong>rem</strong></span> <span class='ocrx_word' id='word_1_784' title='bbox 2134 3709 2200 3756; x_wconf 88' lang='lat' dir='ltr'><strong>ter-</strong></span> 
     </span>
     <span class='ocr_line' id='line_1_101' title="bbox 1205 3743 2199 3859; baseline 0.047 -59"><span class='ocrx_word' id='word_1_785' title='bbox 1205 3745 1262 3802; x_wconf 92' lang='lat' dir='ltr'><strong>rori</strong></span> <span class='ocrx_word' id='word_1_786' title='bbox 1282 3743 1428 3828; x_wconf 84' lang='lat' dir='ltr'><strong>futuroru,</strong></span> <span class='ocrx_word' id='word_1_787' title='bbox 1465 3765 1497 3813; x_wconf 92' lang='lat' dir='ltr'><strong>ut</strong></span> <span class='ocrx_word' id='word_1_788' title='bbox 1518 3757 1548 3814; x_wconf 91' lang='lat' dir='ltr'><strong>in</strong></span> <span class='ocrx_word' id='word_1_789' title='bbox 1569 3773 1718 3837; x_wconf 87' lang='lat' dir='ltr'><strong>posterum</strong></span> <span class='ocrx_word' id='word_1_790' title='bbox 1739 3787 1826 3830; x_wconf 89' lang='lat' dir='ltr'><strong>nemo</strong></span> <span class='ocrx_word' id='word_1_791' title='bbox 1845 3773 1932 3835; x_wconf 78' lang='lat' dir='ltr'><strong>facile</strong></span> <span class='ocrx_word' id='word_1_792' title='bbox 1954 3781 2093 3840; x_wconf 88' lang='lat' dir='ltr'><strong>eiusmodi</strong></span> <span class='ocrx_word' id='word_1_793' title='bbox 2114 3783 2199 3859; x_wconf 76' lang='lat' dir='ltr'><strong>pat-l·</strong></span> 
     </span>
     <span class='ocr_line' id='line_1_102' title="bbox 1204 3827 2199 3925; baseline 0.041 -40"><span class='ocrx_word' id='word_1_794' title='bbox 1204 3827 1351 3892; x_wconf 85' lang='lat' dir='ltr'><strong>ficationes</strong></span> <span class='ocrx_word' id='word_1_795' title='bbox 1378 3849 1564 3921; x_wconf 84' lang='lat' dir='ltr'><strong>suscepturus</strong></span> <span class='ocrx_word' id='word_1_796' title='bbox 1585 3846 1631 3904; x_wconf 90' lang='lat' dir='ltr'><strong>sit.</strong></span> <span class='ocrx_word' id='word_1_797' title='bbox 1689 3851 1831 3914; x_wconf 87' lang='lat' dir='ltr'><strong>Secrrtura</strong></span> <span class='ocrx_word' id='word_1_798' title='bbox 1852 3862 1940 3920; x_wconf 85' lang='lat' dir='ltr'><strong>etiarn</strong></span> <span class='ocrx_word' id='word_1_799' title='bbox 1961 3865 2017 3922; x_wconf 81' lang='lat' dir='ltr'><strong>elia</strong></span> <span class='ocrx_word' id='word_1_800' title='bbox 2038 3868 2199 3925; x_wconf 86' lang='lat' dir='ltr'><strong>incommo-</strong></span> 
     </span>
     <span class='ocr_line' id='line_1_103' title="bbox 1203 3913 2200 4026; baseline 0.045 -57"><span class='ocrx_word' id='word_1_801' title='bbox 1203 3913 1256 3990; x_wconf 89' lang='lat' dir='ltr'><strong>da,</strong></span> <span class='ocrx_word' id='word_1_802' title='bbox 1285 3927 1317 3975; x_wconf 88' lang='grc' dir='ltr'><strong>ιιι</strong></span> <span class='ocrx_word' id='word_1_803' title='bbox 1336 3922 1460 3996; x_wconf 88' lang='lat' dir='ltr'><strong>gemitus</strong></span> <span class='ocrx_word' id='word_1_804' title='bbox 1481 3925 1594 4002; x_wconf 88' lang='lat' dir='ltr'><strong>piorum</strong></span> <span class='ocrx_word' id='word_1_805' title='bbox 1616 3942 1672 3991; x_wconf 87' lang='lat' dir='ltr'><strong>etc.</strong></span> <span class='ocrx_word' id='word_1_806' title='bbox 1714 3933 1917 4020; x_wconf 80' lang='lat' dir='ltr'><strong>Plrilr&#39;pprrm</strong></span> <span class='ocrx_word' id='word_1_807' title='bbox 1932 3951 2108 4026; x_wconf 78' lang='lat' dir='ltr'><strong>promisisse,</strong></span> <span class='ocrx_word' id='word_1_808' title='bbox 2130 3969 2200 4011; x_wconf 79' lang='lat' dir='ltr'><strong>sese</strong></span> 
     </span>
     <span class='ocr_line' id='line_1_104' title="bbox 1202 3996 2198 4094; baseline 0.044 -40"><span class='ocrx_word' id='word_1_809' title='bbox 1202 3996 1288 4060; x_wconf 89' lang='lat' dir='ltr'><strong>hosce</strong></span> <span class='ocrx_word' id='word_1_810' title='bbox 1316 4005 1451 4064; x_wconf 91' lang='lat' dir='ltr'><strong>articulos</strong></span> <span class='ocrx_word' id='word_1_811' title='bbox 1479 4009 1662 4076; x_wconf 90' lang='lat' dir='ltr'><strong>immobiliter</strong></span> <span class='ocrx_word' id='word_1_812' title='bbox 1690 4031 1722 4079; x_wconf 90' lang='lat' dir='ltr'><strong>et</strong></span> <span class='ocrx_word' id='word_1_813' title='bbox 1742 4042 1853 4086; x_wconf 86' lang='lat' dir='ltr'><strong>summa</strong></span> <span class='ocrx_word' id='word_1_814' title='bbox 1873 4029 1933 4089; x_wconf 87' lang='lat' dir='ltr'><strong>lide</strong></span> <span class='ocrx_word' id='word_1_815' title='bbox 1952 4033 1984 4090; x_wconf 92' lang='lat' dir='ltr'><strong>in</strong></span> <span class='ocrx_word' id='word_1_816' title='bbox 2006 4052 2120 4094; x_wconf 87' lang='lat' dir='ltr'><strong>omnent</strong></span> <span class='ocrx_word' id='word_1_817' title='bbox 2141 4055 2198 4094; x_wconf 81' lang='lat' dir='ltr'><strong>trs·</strong></span> 
     </span>
     <span class='ocr_line' id='line_1_105' title="bbox 1202 4089 2197 4180; baseline 0.042 -41"><span class='ocrx_word' id='word_1_818' title='bbox 1202 4101 1259 4160; x_wconf 90' lang='lat' dir='ltr'><strong>que</strong></span> <span class='ocrx_word' id='word_1_819' title='bbox 1281 4089 1484 4152; x_wconf 87' lang='lat' dir='ltr'><strong>aeternitatem</strong></span> <span class='ocrx_word' id='word_1_820' title='bbox 1506 4097 1723 4164; x_wconf 82' lang='lat' dir='ltr'><strong>observaturum</strong></span> <span class='ocrx_word' id='word_1_821' title='bbox 1746 4125 1820 4172; x_wconf 88' lang='lat' dir='ltr'><strong>esse.</strong></span> <span class='ocrx_word' id='word_1_822' title='bbox 1863 4115 1978 4175; x_wconf 80' lang='lat' dir='ltr'><strong>Dixisse</strong></span> <span class='ocrx_word' id='word_1_823' title='bbox 1999 4120 2087 4177; x_wconf 76' lang='lat' dir='ltr'><strong>edam</strong></span> <span class='ocrx_word' id='word_1_824' title='bbox 2110 4116 2197 4180; x_wconf 71' lang='lat' dir='ltr'><strong>aar·</strong></span> 
     </span>
     <span class='ocr_line' id='line_1_106' title="bbox 1201 4165 2195 4270; baseline 0.043 -45"><span class='ocrx_word' id='word_1_825' title='bbox 1201 4165 1354 4249; x_wconf 82' lang='lat' dir='ltr'><strong>lippum,</strong></span> <span class='ocrx_word' id='word_1_826' title='bbox 1380 4187 1461 4238; x_wconf 88' lang='lat' dir='ltr'><strong>recte</strong></span> <span class='ocrx_word' id='word_1_827' title='bbox 1483 4177 1592 4242; x_wconf 85' lang='lat' dir='ltr'><strong>iactum</strong></span> <span class='ocrx_word' id='word_1_828' title='bbox 1613 4203 1693 4265; x_wconf 83' lang='lat' dir='ltr'><strong>esse,</strong></span> <span class='ocrx_word' id='word_1_829' title='bbox 1722 4195 1798 4270; x_wconf 87' lang='lat' dir='ltr'><strong>quod</strong></span> <span class='ocrx_word' id='word_1_830' title='bbox 1818 4199 1925 4260; x_wconf 86' lang='lat' dir='ltr'><strong>acriter</strong></span> <span class='ocrx_word' id='word_1_831' title='bbox 1945 4198 2062 4263; x_wconf 83' lang='lat' dir='ltr'><strong>Maior·</strong></span> <span class='ocrx_word' id='word_1_832' title='bbox 2082 4207 2119 4264; x_wconf 88' lang='lat' dir='ltr'><strong>sit</strong></span> <span class='ocrx_word' id='word_1_833' title='bbox 2139 4224 2195 4266; x_wconf 83' lang='lat' dir='ltr'><strong>re·</strong></span> 
     </span>
     <span class='ocr_line' id='line_1_107' title="bbox 1200 4253 2197 4352; baseline 0.043 -43"><span class='ocrx_word' id='word_1_834' title='bbox 1200 4253 1377 4334; x_wconf 84' lang='lat' dir='ltr'><strong>prehensus,</strong></span> <span class='ocrx_word' id='word_1_835' title='bbox 1411 4270 1441 4319; x_wconf 89' lang='lat' dir='ltr'><strong>et</strong></span> <span class='ocrx_word' id='word_1_836' title='bbox 1469 4263 1498 4319; x_wconf 92' lang='lat' dir='ltr'><strong>in</strong></span> <span class='ocrx_word' id='word_1_837' title='bbox 1528 4270 1652 4330; x_wconf 86' lang='lat' dir='ltr'><strong>maxima</strong></span> <span class='ocrx_word' id='word_1_838' title='bbox 1678 4279 1810 4352; x_wconf 80' lang='lat' dir='ltr'><strong>angustia</strong></span> <span class='ocrx_word' id='word_1_839' title='bbox 1831 4279 1971 4344; x_wconf 80' lang='lat' dir='ltr'><strong>Maiorem</strong></span> <span class='ocrx_word' id='word_1_840' title='bbox 2000 4305 2064 4347; x_wconf 88' lang='lat' dir='ltr'><strong>esse</strong></span> <span class='ocrx_word' id='word_1_841' title='bbox 2085 4293 2197 4349; x_wconf 79' lang='lat' dir='ltr'><strong>musti-</strong></span> 
     </span>
     <span class='ocr_line' id='line_1_108' title="bbox 1200 4347 2194 4452; baseline 0.043 -57"><span class='ocrx_word' id='word_1_842' title='bbox 1200 4347 1309 4414; x_wconf 87' lang='lat' dir='ltr'><strong>tuttun,</strong></span> <span class='ocrx_word' id='word_1_843' title='bbox 1344 4351 1457 4404; x_wconf 73' lang='lat' dir='ltr'><strong>str‘rsum</strong></span> <span class='ocrx_word' id='word_1_844' title='bbox 1479 4364 1511 4406; x_wconf 89' lang='lat' dir='ltr'><strong>ac</strong></span> <span class='ocrx_word' id='word_1_845' title='bbox 1533 4349 1667 4415; x_wconf 90' lang='lat' dir='ltr'><strong>deorsum</strong></span> <span class='ocrx_word' id='word_1_846' title='bbox 1690 4363 1844 4442; x_wconf 83' lang='lat' dir='ltr'><strong>cursitare,</strong></span> <span class='ocrx_word' id='word_1_847' title='bbox 1877 4387 1912 4427; x_wconf 84' lang='lat' dir='ltr'><strong>ac</strong></span> <span class='ocrx_word' id='word_1_848' title='bbox 1932 4375 2049 4431; x_wconf 71' lang='lat' dir='ltr'><strong>masilia</strong></span> <span class='ocrx_word' id='word_1_849' title='bbox 2070 4377 2194 4452; x_wconf 77' lang='lat' dir='ltr'><strong>agitate,</strong></span> 
     </span>
     <span class='ocr_line' id='line_1_109' title="bbox 1199 4422 2193 4531; baseline 0.035 -46"><span class='ocrx_word' id='word_1_850' title='bbox 1199 4422 1347 4502; x_wconf 80' lang='lat' dir='ltr'><strong>ipsamque</strong></span> <span class='ocrx_word' id='word_1_851' title='bbox 1368 4429 1442 4488; x_wconf 85' lang='lat' dir='ltr'><strong>adeo</strong></span> <span class='ocrx_word' id='word_1_852' title='bbox 1463 4435 1545 4492; x_wconf 84' lang='lat' dir='ltr'><strong>contu</strong></span> <span class='ocrx_word' id='word_1_853' title='bbox 1567 4455 1614 4502; x_wconf 85' lang='lat' dir='ltr'><strong>en</strong></span> <span class='ocrx_word' id='word_1_854' title='bbox 1630 4437 1776 4508; x_wconf 76' lang='lat' dir='ltr'><strong>Maioris</strong></span> <span class='ocrx_word' id='word_1_855' title='bbox 1796 4468 1868 4526; x_wconf 82' lang='lat' dir='ltr'><strong>prae</strong></span> <span class='ocrx_word' id='word_1_856' title='bbox 1887 4459 2106 4531; x_wconf 73' lang='lat' dir='ltr'><strong>perturbatione</strong></span> <span class='ocrx_word' id='word_1_857' title='bbox 2122 4461 2193 4519; x_wconf 82' lang='lat' dir='ltr'><strong>triac</strong></span> 
     </span>
     <span class='ocr_line' id='line_1_110' title="bbox 1197 4455 2195 4603; baseline 0.043 -41"><span class='ocrx_word' id='word_1_858' title='bbox 1197 4507 1281 4566; x_wconf 72' lang='lat' dir='ltr'><strong>tnuc‘</strong></span> <span class='ocrx_word' id='word_1_859' title='bbox 1288 4523 1343 4588; x_wconf 89' lang='lat' dir='ltr'><strong>per</strong></span> <span class='ocrx_word' id='word_1_860' title='bbox 1363 4514 1507 4576; x_wconf 77' lang='lat' dir='ltr'><strong>civitatem</strong></span> <span class='ocrx_word' id='word_1_861' title='bbox 1529 4455 1665 4588; x_wconf 74' lang='lat' dir='ltr'><strong>olenus</strong></span> <span class='ocrx_word' id='word_1_862' title='bbox 1686 4539 1718 4588; x_wconf 85' lang='lat' dir='ltr'><strong>et</strong></span> <span class='ocrx_word' id='word_1_863' title='bbox 1739 4534 1844 4594; x_wconf 81' lang='lat' dir='ltr'><strong>arnicas</strong></span> <span class='ocrx_word' id='word_1_864' title='bbox 1867 4539 2032 4601; x_wconf 84' lang='lat' dir='ltr'><strong>sollicitare.</strong></span> <span class='ocrx_word' id='word_1_865' title='bbox 2074 4545 2195 4603; x_wconf 77' lang='lat' dir='ltr'><strong>bledla·</strong></span> 
     </span>
     <span class='ocr_line' id='line_1_111' title="bbox 1198 4593 2192 4692; baseline 0.043 -45"><span class='ocrx_word' id='word_1_866' title='bbox 1198 4601 1276 4650; x_wconf 88' lang='lat' dir='ltr'><strong>tores</strong></span> <span class='ocrx_word' id='word_1_867' title='bbox 1296 4593 1385 4672; x_wconf 89' lang='lat' dir='ltr'><strong>igitur</strong></span> <span class='ocrx_word' id='word_1_868' title='bbox 1405 4603 1553 4678; x_wconf 88' lang='lat' dir='ltr'><strong>negotium</strong></span> <span class='ocrx_word' id='word_1_869' title='bbox 1573 4608 1628 4668; x_wconf 88' lang='lat' dir='ltr'><strong>hoc</strong></span> <span class='ocrx_word' id='word_1_870' title='bbox 1649 4619 1858 4692; x_wconf 84' lang='lat' dir='ltr'><strong>compositionis</strong></span> <span class='ocrx_word' id='word_1_871' title='bbox 1878 4642 1935 4682; x_wconf 91' lang='lat' dir='ltr'><strong>non</strong></span> <span class='ocrx_word' id='word_1_872' title='bbox 1957 4625 2067 4687; x_wconf 87' lang='lat' dir='ltr'><strong>babere</strong></span> <span class='ocrx_word' id='word_1_873' title='bbox 2086 4631 2115 4687; x_wconf 90' lang='lat' dir='ltr'><strong>in</strong></span> <span class='ocrx_word' id='word_1_874' title='bbox 2136 4647 2192 4688; x_wconf 77' lang='lat' dir='ltr'><strong>ssa</strong></span> 
     </span>
     <span class='ocr_line' id='line_1_112' title="bbox 1196 4691 2190 4791; baseline 0.041 -59"><span class='ocrx_word' id='word_1_875' title='bbox 1196 4693 1299 4754; x_wconf 89' lang='lat' dir='ltr'><strong>manu,</strong></span> <span class='ocrx_word' id='word_1_876' title='bbox 1326 4697 1359 4738; x_wconf 84' lang='lat' dir='ltr'><strong>se</strong></span> <span class='ocrx_word' id='word_1_877' title='bbox 1390 4691 1501 4743; x_wconf 74' lang='lat' dir='ltr'><strong>tanturm</strong></span> <span class='ocrx_word' id='word_1_878' title='bbox 1531 4708 1596 4751; x_wconf 86' lang='lat' dir='ltr'><strong>esse</strong></span> <span class='ocrx_word' id='word_1_879' title='bbox 1622 4697 1727 4758; x_wconf 85' lang='lat' dir='ltr'><strong>amicos</strong></span> <span class='ocrx_word' id='word_1_880' title='bbox 1755 4703 1963 4768; x_wconf 86' lang='lat' dir='ltr'><strong>intercessores</strong></span> <span class='ocrx_word' id='word_1_881' title='bbox 1983 4730 2017 4770; x_wconf 87' lang='lat' dir='ltr'><strong>ac</strong></span> <span class='ocrx_word' id='word_1_882' title='bbox 2037 4715 2190 4791; x_wconf 77' lang='lat' dir='ltr'><strong>petitores,</strong></span> 
     </span>
     <span class='ocr_line' id='line_1_113' title="bbox 1196 4765 2190 4866; baseline 0.042 -49"><span class='ocrx_word' id='word_1_883' title='bbox 1196 4777 1229 4818; x_wconf 90' lang='lat' dir='ltr'><strong>ac</strong></span> <span class='ocrx_word' id='word_1_884' title='bbox 1256 4781 1288 4821; x_wconf 92' lang='lat' dir='ltr'><strong>se</strong></span> <span class='ocrx_word' id='word_1_885' title='bbox 1316 4769 1429 4844; x_wconf 90' lang='lat' dir='ltr'><strong>precari</strong></span> <span class='ocrx_word' id='word_1_886' title='bbox 1451 4765 1565 4849; x_wconf 77' lang='lat' dir='ltr'><strong>Derim,</strong></span> <span class='ocrx_word' id='word_1_887' title='bbox 1598 4791 1630 4838; x_wconf 88' lang='lat' dir='ltr'><strong>ut</strong></span> <span class='ocrx_word' id='word_1_888' title='bbox 1651 4785 1787 4863; x_wconf 73' lang='lat' dir='ltr'><strong>euinque</strong></span> <span class='ocrx_word' id='word_1_889' title='bbox 1808 4792 1995 4866; x_wconf 71' lang='lat' dir='ltr'><strong>cogitationes</strong></span> <span class='ocrx_word' id='word_1_890' title='bbox 2015 4811 2050 4856; x_wconf 87' lang='lat' dir='ltr'><strong>eo</strong></span> <span class='ocrx_word' id='word_1_891' title='bbox 2069 4800 2190 4858; x_wconf 75' lang='lat' dir='ltr'><strong>seruilia</strong></span> 
     </span>
     <span class='ocr_line' id='line_1_114' title="bbox 1195 4845 2212 4961; baseline 0.044 -60"><span class='ocrx_word' id='word_1_892' title='bbox 1195 4845 1233 4903; x_wconf 90' lang='lat' dir='ltr'><strong>ad</strong></span> <span class='ocrx_word' id='word_1_893' title='bbox 1255 4849 1298 4910; x_wconf 88' lang='lat' dir='ltr'><strong>sui</strong></span> <span class='ocrx_word' id='word_1_894' title='bbox 1319 4851 1441 4911; x_wconf 89' lang='lat' dir='ltr'><strong>nominis</strong></span> <span class='ocrx_word' id='word_1_895' title='bbox 1464 4853 1587 4932; x_wconf 85' lang='lat' dir='ltr'><strong>gloriam</strong></span> <span class='ocrx_word' id='word_1_896' title='bbox 1609 4877 1708 4942; x_wconf 83' lang='lat' dir='ltr'><strong>regat,</strong></span> <span class='ocrx_word' id='word_1_897' title='bbox 1735 4881 1766 4930; x_wconf 88' lang='lat' dir='ltr'><strong>et</strong></span> <span class='ocrx_word' id='word_1_898' title='bbox 1786 4873 1907 4934; x_wconf 72' lang='lat' dir='ltr'><strong>metuet</strong></span> <span class='ocrx_word' id='word_1_899' title='bbox 1927 4881 1966 4939; x_wconf 83' lang='lat' dir='ltr'><strong>nd</strong></span> <span class='ocrx_word' id='word_1_900' title='bbox 1988 4897 2052 4940; x_wconf 79' lang='lat' dir='ltr'><strong>eam</strong></span> <span class='ocrx_word' id='word_1_901' title='bbox 2069 4881 2212 4961; x_wconf 60' lang='lat' dir='ltr'><strong>pacem·</strong></span> 
     </span>
     <span class='ocr_line' id='line_1_115' title="bbox 1195 4939 2188 5030; baseline 0.045 -45"><span class='ocrx_word' id='word_1_902' title='bbox 1195 4947 1271 5007; x_wconf 88' lang='lat' dir='ltr'><strong>quae</strong></span> <span class='ocrx_word' id='word_1_903' title='bbox 1297 4946 1362 4992; x_wconf 84' lang='lat' dir='ltr'><strong>cunr</strong></span> <span class='ocrx_word' id='word_1_904' title='bbox 1390 4939 1477 4997; x_wconf 83' lang='lat' dir='ltr'><strong>serbo</strong></span> <span class='ocrx_word' id='word_1_905' title='bbox 1504 4941 1561 5000; x_wconf 90' lang='lat' dir='ltr'><strong>Dei</strong></span> <span class='ocrx_word' id='word_1_906' title='bbox 1587 4964 1739 5028; x_wconf 85' lang='lat' dir='ltr'><strong>consonet,</strong></span> <span class='ocrx_word' id='word_1_907' title='bbox 1769 4968 1805 5022; x_wconf 76' lang='lat' dir='ltr'><strong>,et</strong></span> <span class='ocrx_word' id='word_1_908' title='bbox 1827 4959 2112 5027; x_wconf 73' lang='lat' dir='ltr'><strong>‚EccleiiaoiChr&#39;nti</strong></span> <span class='ocrx_word' id='word_1_909' title='bbox 2147 4971 2188 5030; x_wconf 85' lang='lat' dir='ltr'><strong>sit</strong></span> 
     </span>
    </p>
   </div>
   <div class='ocr_carea' id='block_1_19' title="bbox 1191 5011 1407 5102">
    <p class='ocr_par' dir='ltr' id='par_1_23' title="bbox 1191 5011 1407 5102">
     <span class='ocr_line' id='line_1_116' title="bbox 1191 5011 1407 5102; baseline 0.028 -30"><span class='ocrx_word' id='word_1_910' title='bbox 1191 5011 1353 5102; x_wconf 66' lang='lat' dir='ltr'><strong>fructuosa.</strong></span> <span class='ocrx_word' id='word_1_911' title='bbox 1404 5087 1407 5094; x_wconf 33' lang='grc' dir='ltr'>Ι</span> 
     </span>
    </p>
   </div>
   <div class='ocr_carea' id='block_1_20' title="bbox 1278 5167 2186 5298">
    <p class='ocr_par' dir='ltr' id='par_1_24' title="bbox 1278 5167 2186 5298">
     <span class='ocr_line' id='line_1_117' title="bbox 1278 5167 2186 5298; baseline 0.044 -51"><span class='ocrx_word' id='word_1_912' title='bbox 1278 5179 1595 5266; x_wconf 69' lang='lat' dir='ltr'><strong>Wigttttdtts&#39;rursus</strong></span> <span class='ocrx_word' id='word_1_913' title='bbox 1619 5167 1762 5268; x_wconf 79' lang='lat' dir='ltr'><strong>communi</strong></span> <span class='ocrx_word' id='word_1_914' title='bbox 1791 5213 1910 5276; x_wconf 83' lang='lat' dir='ltr'><strong>nomine</strong></span> <span class='ocrx_word' id='word_1_915' title='bbox 1930 5223 2102 5298; x_wconf 68' lang='lat' dir='ltr'><strong>responderi</strong></span> <span class='ocrx_word' id='word_1_916' title='bbox 2128 5227 2186 5284; x_wconf 80' lang='lat' dir='ltr'><strong>iu-</strong></span> 
     </span>
    </p>
   </div>
   <div class='ocr_carea' id='block_1_21' title="bbox 1431 5295 2183 5548">
    <p class='ocr_par' dir='ltr' id='par_1_25' title="bbox 1431 5295 2183 5548">
     <span class='ocr_line' id='line_1_118' title="bbox 1699 5295 2183 5378; baseline 0.045 -29"><span class='ocrx_word' id='word_1_917' title='bbox 1699 5295 1835 5356; x_wconf 87' lang='lat' dir='ltr'><strong>articulos</strong></span> <span class='ocrx_word' id='word_1_918' title='bbox 1854 5301 1981 5378; x_wconf 83' lang='lat' dir='ltr'><strong>ipsorum</strong></span> <span class='ocrx_word' id='word_1_919' title='bbox 2002 5309 2032 5365; x_wconf 91' lang='lat' dir='ltr'><strong>in</strong></span> <span class='ocrx_word' id='word_1_920' title='bbox 2053 5311 2183 5371; x_wconf 86' lang='lat' dir='ltr'><strong>medium</strong></span> 
     </span>
     <span class='ocr_line' id='line_1_119' title="bbox 1478 5374 2182 5474; baseline 0.05 -53"><span class='ocrx_word' id='word_1_921' title='bbox 1478 5384 1534 5423; x_wconf 89' lang='lat' dir='ltr'><strong>nou</strong></span> <span class='ocrx_word' id='word_1_922' title='bbox 1564 5383 1594 5428; x_wconf 89' lang='lat' dir='ltr'><strong>nt</strong></span> <span class='ocrx_word' id='word_1_923' title='bbox 1623 5374 1765 5437; x_wconf 87' lang='lat' dir='ltr'><strong>alterutra</strong></span> <span class='ocrx_word' id='word_1_924' title='bbox 1791 5400 1859 5458; x_wconf 92' lang='lat' dir='ltr'><strong>pars</strong></span> <span class='ocrx_word' id='word_1_925' title='bbox 1885 5387 1923 5444; x_wconf 91' lang='lat' dir='ltr'><strong>ad</strong></span> <span class='ocrx_word' id='word_1_926' title='bbox 1945 5407 1996 5450; x_wconf 85' lang='lat' dir='ltr'><strong>cos</strong></span> <span class='ocrx_word' id='word_1_927' title='bbox 2016 5411 2182 5474; x_wconf 84' lang='lat' dir='ltr'><strong>cogeretur,</strong></span> 
     </span>
     <span class='ocr_line' id='line_1_120' title="bbox 1431 5453 2180 5548; baseline 0.051 -42"><span class='ocrx_word' id='word_1_928' title='bbox 1431 5453 1596 5513; x_wconf 88' lang='lat' dir='ltr'><strong>sententiae</strong></span> <span class='ocrx_word' id='word_1_929' title='bbox 1614 5459 1801 5541; x_wconf 76' lang='lat' dir='ltr'><strong>audirentur,</strong></span> <span class='ocrx_word' id='word_1_930' title='bbox 1829 5481 1859 5528; x_wconf 87' lang='lat' dir='ltr'><strong>et</strong></span> <span class='ocrx_word' id='word_1_931' title='bbox 1881 5483 1983 5548; x_wconf 85' lang='lat' dir='ltr'><strong>postea</strong></span> <span class='ocrx_word' id='word_1_932' title='bbox 2003 5482 2180 5542; x_wconf 70' lang='lat' dir='ltr'><strong>unuimiter</strong></span> 
     </span>
    </p>
   </div>
   <div class='ocr_carea' id='block_1_22' title="bbox 0 0 2370 6176">
    <p class='ocr_par' dir='ltr' id='par_1_26' title="bbox 0 0 2370 6176">
     <span class='ocr_line' id='line_1_121' title="bbox 0 0 2370 6176; baseline 0 11"><span class='ocrx_word' id='word_1_933' title='bbox 0 0 2370 6176; x_wconf 95' lang='lat' dir='ltr'><strong> </strong></span> 
     </span>
    </p>
   </div>
  </div>
 </body>
</html>
