4690 6206
86 369 158 444 sot
188 407 206 426 .
653 351 1087 434 EPlSTOLARUM
1138 349 1244 428 ΗΒ.
1271 349 1371 426 Χιιι.
1427 347 1557 428 ¹559.
2065 369 2140 444 952

89 542 282 612 clementer
295 533 540 608 conservantis
556 529 743 604 honestam
762 529 963 600 societatem
981 549 1089 617 gene·
1243 521 1370 594 Probo,
1387 522 1496 612 igitur
1517 523 1707 596 consilium
1732 526 1969 604 illustrissimi
1992 533 2134 612 Electo-

89 645 139 714 ris
157 637 320 712 humani.
356 636 583 710 ldeoverom
597 633 726 720 Deum,
750 645 934 704 aeteruum
952 644 1087 722 patrem
1139 626 1200 706 ris,
1227 630 1323 720 quod
1341 625 1540 696 rixantibus
1557 627 1726 723 utrinque
1742 637 1925 708 mandavit
1940 641 2135 726 silentium,

87 743 238 816 Domini
254 741 370 814 nostri
388 739 467 812 lesu
478 736 625 821 Christi,
652 751 845 806 creatorem
862 733 1001 826 generis
1018 726 1087 802 hu·
1139 753 1184 798 ne
1199 730 1381 800 distractio
1398 729 1459 798 liat
1474 729 1511 798 in
1529 742 1649 800 tenera
1662 728 1832 822 Ecclesia,
1856 752 1891 808 et
1905 740 2039 814 infirmi
2057 759 2136 816 tur·

88 847 201 932 mani,
216 845 442 936 colligentem
456 855 637 912 aeternam
651 835 847 908 Ecclesiam
863 860 948 906 voce
962 831 1087 904 Evan-
1138 833 1269 902 beutur
1285 835 1324 900 in
1344 833 1408 902 illo
1425 833 1521 916 loco,
1548 846 1582 902 et
1599 834 1747 906 vicinia:
1775 851 1810 910 et
1824 843 1977 932 optarim
2001 847 2135 918 rixato-

88 950 185 1039 gclii,
210 961 285 1020 toto
302 959 442 1038 pectore
459 969 535 1030 oro,
560 957 602 1014 ut
615 939 832 1017 Celsitudini
847 953 983 1010 vestrae
1000 959 1086 1006 con·
1138 958 1193 1003 res
1218 935 1255 1002 in
1283 949 1433 1027 utraque
1458 948 1556 1026 parte
1579 937 1711 1012 abesse.
1765 939 1953 1031 Secundo,
1989 953 2134 1022 remotis

88 1054 205 1122 firmet
221 1051 315 1120 vires
327 1049 466 1118 animae
479 1060 515 1118 et
525 1043 696 1138 corporis,
723 1057 758 1114 et
771 1043 905 1114 tribuat
919 1039 1086 1108 salutaria
1138 1037 1385 1122 contentiosis,
1416 1039 1559 1128 prodest
1582 1039 1739 1132 reliquos
1760 1044 1806 1112 de
1828 1069 1900 1116 una
1915 1047 2032 1120 sorma
2051 1077 2133 1124 ver-

88 1153 251 1238 consilia,
267 1165 303 1222 et
316 1152 454 1222 felicem
469 1147 774 1239 gubernationem.
802 1143 951 1214 Gaudeo
970 1142 1086 1226 etiam,
1138 1139 1265 1210 horum
1289 1139 1492 1210 convenire.
1545 1135 1595 1210 Et
1615 1140 1654 1208 in
1682 1137 1746 1212 hac
1771 1151 2011 1222 controversia
2038 1156 2134 1246 opti-

88 1255 294 1346 Principem
309 1267 344 1324 et
357 1251 553 1324 Dominum
569 1249 704 1344 patriae
719 1271 816 1316 meae
834 1257 996 1316 vocatum
1014 1267 1086 1312 esse
1137 1267 1235 1311 mum
1270 1256 1359 1312 esset
1391 1241 1544 1310 retinere
1576 1244 1683 1312 vcrha
1711 1243 1813 1316 Pauli
1823 1273 1831 1316 s
1872 1237 1993 1322 Panis
2027 1279 2133 1352 quem

87 1361 135 1428 ad
159 1358 378 1447 agnitionem
401 1355 467 1424 lilii
483 1351 570 1438 Dei,
605 1366 639 1422 et
662 1363 754 1420 recte
774 1351 938 1418 invocare
958 1345 1085 1430 Deum,
1129 1341 1372 1442 frangimus,
1398 1337 1576 1416 κοινωνία
1593 1341 1669 1414 ἐστὶ
1684 1352 1753 1418 τοῦ
1769 1341 1951 1437 σώματος.
2009 1351 2133 1428 Etco.

89 1475 125 1529 et
141 1462 260 1530 lovere
274 1455 470 1528 Ecclesiam
485 1451 636 1525 Christi:
663 1477 769 1546 quem
786 1476 861 1535 oro,
887 1464 927 1520 ut
940 1449 1085 1518 univer·
1138 1449 1234 1538 piose
1257 1448 1433 1518 defructu
1450 1445 1591 1516 Coenae
1613 1447 1805 1520 dicendum
1821 1467 1893 1540 est,
1920 1471 1960 1528 ut
1974 1457 2133 1530 inviten-

87 1587 164 1632 sam
187 1561 359 1630 lamiliam
375 1557 582 1650 Principum
599 1553 843 1632 Palatinorum
864 1553 1037 1642 gubernet
1051 1563 1083 1620 et
1137 1563 1195 1619 tur
1219 1545 1381 1618 homines
1404 1551 1446 1618 ad
1474 1573 1630 1620 amorem
1654 1545 1762 1622 huius
1789 1553 1968 1646 pignoris,
1996 1574 2031 1630 ct
2056 1587 2132 1634 crc-

87 1677 269 1756 protegat,
296 1687 362 1732 nec
383 1661 477 1730 sinat
497 1659 574 1729 heri
590 1658 813 1728 barbaricam
829 1655 1027 1726 vastitatem
1046 1651 1083 1719 in
1136 1655 1240 1720 brum
1265 1674 1378 1725 usum.
1431 1647 1479 1723 Et
1507 1653 1718 1724 vocabulum
1741 1653 1921 1730 κοινωνία
1947 1663 2130 1734 declaran-

87 1766 202 1857 patria
221 1789 309 1836 mea.
359 1761 499 1834 Literas
515 1759 748 1834 Celsitudinis
771 1773 905 1828 vestrae
920 1779 1084 1824 reveren·
1136 1757 1222 1822 dum
1242 1767 1304 1826 cst.

88 1885 145 1938 tcr
159 1867 246 1956 legi,
274 1879 307 1938 et
328 1865 445 1937 virum
461 1864 731 1956 integerrimum
748 1853 980 1958 Stephanum
997 1843 1084 1926 Cir·
1238 1855 1318 1926 Non
1338 1855 1435 1941 dicit,
1450 1855 1581 1927 mutari
1599 1869 1761 1927 naturam
1779 1860 1892 1950 panis,
1911 1877 1951 1934 ut
1967 1863 2130 1960 Papistae

88 1967 218 2057 lerum,
243 1969 470 2042 secretarium
485 1968 651 2040 intimum
666 1963 805 2033 audivi:
832 1987 871 2032 ac
886 1961 986 2030 mitto
1003 1957 1085 2030 Cel·
1136 1961 1276 2028 dicunt:
1317 1957 1398 2027 Non
1427 1961 1532 2041 dicit,
1571 1973 1611 2030 ut
1631 1953 1867 2048 Bremenscs,
1901 1990 2029 2058 panem
2056 1995 2132 2042 esse

89 2073 244 2141 situdini
265 2085 400 2141 vestrae
422 2069 588 2158 scriptam
607 2065 894 2156 responsionem,
917 2088 957 2132 ac
972 2061 1084 2130 maxi·
1136 2059 1365 2132 substantiale
1388 2086 1516 2154 corpus
1540 2055 1694 2131 Christi:
1727 2061 1807 2134 Non
1830 2067 1937 2154 dicit,
1973 2084 2014 2141 ut
2034 2060 2132 2144 Hes-

89 2193 148 2236 me
173 2184 277 2261 opto,
303 2183 343 2240 ut
366 2183 506 2240 tenerae
517 2165 695 2238 Ecclesiae
715 2167 850 2260 ubique
869 2165 1084 2258 tranquillae
1137 2157 1287 2248 husius,
1313 2187 1441 2255 panem
1459 2187 1532 2234 esse
1549 2187 1673 2233 verum
1690 2189 1818 2256 corpus
1832 2163 1966 2244 Christi
1986 2167 2041 2268 *):
2068 2179 2131 2248 sed

90 2267 175 2343 sint.
227 2267 346 2366 ¹Quam
366 2273 408 2359 ad
434 2294 509 2340 rem
531 2271 712 2361 proderit,
738 2271 769 2338 si
793 2293 867 2338 non
885 2269 1003 2338 sinent
1019 2289 1085 2356 gu·
1137 2291 1209 2336 esse
1231 2260 1452 2350 κοινωνίαν,
1481 2267 1517 2334 id
1540 2280 1609 2350 est,
1644 2259 1729 2346 hoc,
1759 2293 1830 2362 quo
1850 2270 1889 2341 fit
1912 2277 2130 2348 consociatio

88 2371 298 2442 bernatores
318 2373 461 2444 delendi
485 2371 681 2442 contrarias
701 2371 905 2442 sententias.
966 2367 1084 2438 Probo
1137 2393 1215 2438 cum
1243 2391 1391 2460 corpore
1408 2363 1557 2442 Christi:
1593 2391 1682 2460 quae
1703 2369 1741 2439 fit
1762 2369 1799 2438 in
1823 2395 1911 2459 usu,
1937 2379 2131 2470 etquidem
2214 2432 2218 2440 .

87 2473 200 2562 igitur
213 2475 402 2544 consilium
418 2472 511 2548 CV.
526 2475 621 2568 quod
638 2473 781 2568 utrique
797 2473 887 2564 parti
904 2471 1083 2540 silentium
1138 2495 1211 2541 non
1227 2471 1303 2539 sine
1319 2470 1541 2556 cogitatione,
1555 2483 1595 2538 ut
1610 2493 1690 2539 cum
1706 2493 1969 2566 murespanem
1988 2481 2132 2552 rodunt.

86 2575 278 2651 mandarit.
330 2571 428 2668 Opto
444 2590 581 2658 autem,
606 2590 646 2647 ut
664 2579 861 2670 sapientum
878 2573 1085 2666 Principum
1241 2567 1421 2642 Acerrime
1433 2581 1604 2666 pugnant
1620 2565 1814 2668 Popistae,
1836 2583 1868 2646 et
1882 2601 2011 2648 eorum
2023 2580 2132 2652 simi·

89 2677 261 2759 consilio,
295 2689 328 2748 et
353 2680 543 2750 autoritate
563 2679 779 2773 aliquando,
811 2691 847 2748 et
869 2703 911 2748 er
933 2679 1085 2746 aliarum
1138 2671 1211 2761 les,
1239 2683 1277 2746 ut
1302 2669 1450 2744 dicutur
1467 2695 1596 2766 corpus
1612 2667 1762 2744 Christi
1781 2687 1888 2748 extra
1911 2681 2130 2756 sumtionem

86 2779 250 2870 gentium
271 2775 458 2865 Ecclesiis,
491 2795 524 2852 et
546 2785 696 2864 nostris,
728 2783 779 2874 pii
804 2796 839 2850 et
861 2779 992 2850 eruditi
1017 2777 1084 2846 viri
1138 2774 1320 2847 inclusum
1344 2799 1420 2848 esse
1442 2775 1625 2872 speciebus
1642 2775 1773 2872 panis,
1800 2787 1991 2879 autperti:
2020 2795 2051 2854 et
2063 2811 2132 2884 po·

88 2895 353 2970 convocentur,
380 2899 420 2954 ut
436 2885 480 2954 de
495 2885 664 2954 omnihus
681 2883 932 2954 controversiis
951 2881 1086 2951 delibe-
1135 2877 1281 2952 stulont
1296 2874 1564 2960 odorationem,
1591 2881 1681 2950 sicut
1696 2875 1896 2952 Morlinus
1911 2883 2131 2981 Brunsvigae

87 2999 211 3069 retur,
241 2997 276 3056 et
297 3009 368 3056 una
384 2985 610 3056 consentiens
626 2989 740 3056 forma
758 2987 940 3056 doctrinae
954 3007 1036 3052 vera
1053 2995 1087 3052 et
1138 2985 1244 3059 dixit:
1278 2983 1337 3058 Du
1358 2983 1451 3074 maht
1465 2981 1544 3072 riht
1560 2981 1673 3070 legen,
1700 2979 1823 3067 Dium,
1850 2983 1972 3074 Dium,
1998 2991 2130 3078 toubccn

86 3086 298 3179 perspicua,
323 3089 399 3158 sine
416 3089 491 3158 ulla
505 3085 736 3176 ambiguitate
750 3087 949 3180 posteritati
967 3087 1087 3156 trada-
1137 3091 1177 3158 bu
1199 3086 1288 3170 muht
1310 3085 1422 3179 legen,
1446 3091 1518 3158 soei
1541 3084 1635 3176 bielti
1656 3081 1708 3172 iil,
1734 3087 1794 3158 bas
1811 3091 1861 3160 bet
1877 3087 2061 3180 &sicherio
2077 3097 2130 3168 her

86 3205 161 3262 tur.
209 3185 347 3262 luteres
363 3203 536 3284 quantum
551 3191 628 3260 fieri
643 3203 769 3280 potest,
792 3189 986 3260 moderatis
999 3213 1085 3258 con·
1136 3190 1237 3286 ῷαιιι
1253 3189 1320 3276 hut.

87 3291 182 3360 siliis
192 3291 480 3363 coniunctionem
496 3305 697 3362 nostrarum
709 3289 948 3362 Ecclesiarum
963 3291 1084 3360 fovea·
1239 3288 1433 3362 Sarcerius
1448 3293 1545 3362 iubet
1561 3293 1720 3390 delapsas
1735 3293 1926 3384 particulas
1942 3297 2074 3390 colligi,
2098 3313 2132 3370 et

86 3415 182 3466 mus.
241 3393 339 3464 Beue
369 3407 402 3466 et
429 3394 581 3463 feliciter
609 3393 726 3463 valeat
749 3391 931 3464 Celsitudo
959 3407 1084 3464 vestra.
1138 3417 1234 3462 crasa
1260 3409 1353 3464 terra
1381 3396 1553 3466 comburi.
1605 3392 1697 3464 Com
1723 3395 1957 3470 Wormaciae
1979 3423 2132 3472 essemus

86 3493 239 3566 Caleud.
253 3494 426 3566 Noremh.
451 3492 560 3566 Anno
578 3493 690 3570 1⁵59.
1125 3511 1219 3564 'ante
1236 3497 1434 3576 biennium,
1456 3497 1616 3589 quaestio
1633 3499 1676 3564 ad
1694 3521 1758 3566 nos
1774 3499 1981 3570 mittebatur
1995 3525 2036 3570 ex
2051 3501 2130 3572 aula

395 3643 628 3718 celsitudinis
643 3659 914 3716 vestraeservus
1138 3600 1309 3690 quadam:
1352 3593 1411 3665 An
1441 3619 1571 3694 corpus
1595 3590 1744 3666 Christi
1765 3594 1960 3670 descendat
1982 3601 2022 3670 in
2049 3625 2133 3672 ven·

598 3761 789 3860 Philippus
806 3760 1034 3838 Melanthon.
1068 3815 1073 3834 .

1139 3803 1263 3872 utilius
1283 3817 1334 3872 est
1351 3803 1496 3870 retineri
1511 3804 1660 3870 formam
1681 3805 1870 3873 verborum
1888 3803 2010 3890 Pauli,
2036 3809 2131 3876 etde

1137 3905 1255 3976 fructu
1269 3917 1363 3974 recte
1376 3905 1494 3972 doceri
1511 3899 1685 3976 homines.
1738 3903 1855 3976 Potest
1875 3908 1999 4000 inspici
2017 3909 2130 3978 lorma

464 3999 506 4081 B)
528 3995 709 4064 iudicium·
1138 4009 1330 4077 verborum
1361 4009 1404 4075 de
1426 4003 1545 4076 Coena
1580 4007 1617 4074 in
1642 4009 1801 4076 examine
1827 4005 2130 4100 Megalburgensi:

88 4131 304 4240 Responsio
319 4129 494 4236 Philip.
510 4133 568 4210 M
568 4133 610 4208 el
614 4131 742 4212 anth.
769 4131 827 4208 ud
837 4136 1085 4236 quaestionem
1138 4111 1202 4180 ubi
1216 4125 1249 4179 ει
1263 4109 1556 4182 commonefactio
1573 4123 1624 4177 est
1640 4111 1683 4178 de
1699 4110 1815 4180 fructu
1833 4109 1984 4183 Coenae.

272 4233 316 4310 dr
332 4239 577 4310 controversia
595 4235 910 4336 Heidelbergmsf·
1240 4208 1354 4281 Adest
1375 4211 1469 4280 lilius
1492 4209 1560 4280 Dei
1582 4211 1618 4278 in
1645 4211 1843 4282 ministerio
1861 4209 2067 4304 Evangelii,
2097 4229 2130 4284 et

1139 4313 1191 4383 ibi
1211 4327 1306 4384 certo
1330 4327 1381 4382 est
1403 4313 1522 4382 efficax
1547 4314 1584 4382 in
1609 4315 1854 4400 credentibus,
1879 4339 1918 4385 ac
1941 4319 2039 4385 adest
2055 4339 2128 4384 nou

197 4411 283 4486 Non
315 4411 478 4496 difficile,
515 4413 574 4480 sed
602 4413 841 4502 periculosum
865 4427 917 4485 est
938 4435 1086 4508 respon·
1137 4427 1283 4509 propter
1308 4437 1455 4506 panem,
1488 4419 1547 4484 sed
1575 4429 1719 4508 propter
1742 4411 1941 4502 hominem,
1966 4418 2056 4487 sicut
2075 4417 2131 4486 in-

86 4523 190 4592 dere.
242 4511 369 4586 Dicam
392 4527 528 4594 tamen,
556 4537 645 4606 quae
668 4539 765 4585 nunc
787 4519 832 4586 de
846 4517 1084 4588 controversia
1137 4519 1232 4613 quit:
1259 4512 1417 4592 Manete
1433 4516 1473 4586 in
1490 4541 1564 4604 me,
1588 4527 1620 4585 et
1639 4541 1704 4610 ego
1726 4515 1765 4586 in
1783 4515 1893 4588 vobis.
1919 4517 2021 4598 ltem,
2041 4513 2129 4612 Ego

85 4623 192 4696 illius
212 4617 282 4688 loci
305 4639 450 4686 mouere
475 4637 636 4706 possum:
670 4629 704 4686 ει
726 4639 790 4688 oro
806 4619 920 4688 lilium
935 4615 1019 4704 Dei,
1046 4635 1086 4692 ut
1136 4645 1217 4690 sum
1238 4619 1278 4688 in
1294 4628 1399 4712 patre
1415 4643 1513 4705 meo,
1542 4629 1573 4688 et
1591 4643 1652 4688 vos
1668 4619 1707 4688 in
1726 4643 1800 4704 me,
1829 4627 1861 4688 et
1878 4641 1944 4712 ego
1958 4620 1997 4690 in
2014 4619 2126 4696 vohis.

86 4741 128 4796 et
153 4719 322 4804 consilia,
353 4733 387 4790 et
411 4725 559 4787 evebtus
580 4717 764 4806 gubernet.
825 4717 909 4788 Non
933 4721 1084 4792 dubium
1136 4721 1184 4796 Et
1200 4724 1235 4792 in
1252 4719 1308 4792 his
1323 4723 1415 4792 veris
1430 4722 1732 4792 consolationibus
1750 4723 1832 4792 lacit
1848 4745 1913 4792 nos
1933 4725 2001 4794 sibi
2016 4748 2129 4792 mem-

86 4839 146 4898 est
167 4825 212 4894 de
234 4819 474 4892 controversia
495 4817 635 4892 Coenae
658 4819 815 4910 ingentia
837 4823 1029 4892 certamina
1051 4837 1086 4894 et
1137 4828 1219 4908 bra,
1245 4841 1277 4896 et
1300 4839 1466 4910 testatur,
1491 4849 1527 4894 se
1552 4847 1698 4914 corpora
1724 4838 1842 4894 nostra
1866 4825 2126 4896 vivificaturum

86 4927 190 5002 bella
209 4925 260 4994 in
290 4935 364 4994 toto
387 4923 474 4994 orbe
495 4937 668 4992 terrarum
689 4935 854 4994 secutura
877 4945 966 4992 esse:
1000 4923 1085 5018 quia
1137 4952 1222 4998 esse.
1273 4927 1334 5000 Sic
1350 4927 1532 4998 declarant
1549 4939 1681 4996 veteres
1696 4923 1851 4998 Coenam
1867 4923 2026 5000 Domini.

86 5029 251 5102 mundos
271 5025 332 5094 dat
354 5048 485 5115 poenas
508 5023 750 5108 idololatriae,
779 5037 814 5102 et
830 5024 983 5095 aliorum
1002 5049 1085 5116 pec-

86 5145 265 5206 calorum.
316 5123 400 5196 ideo
424 5139 603 5218 petalum,
629 5138 670 5196 Ul
691 5123 1086 5198 filiusDeiuosdoceat
1170 5147 1199 5220 *)
1222 5145 1358 5218 Loquitur
1384 5143 1417 5198 de
1442 5141 1600 5196 adversariis
1624 5141 1727 5196 hiberti
1748 5139 1958 5214 llardeohrrgiis
1993 5143 2049 5216 Qui
2070 5145 2128 5199 sine

89 5247 130 5306 εἴ
144 5231 328 5324 flubffl‘i
381 5225 472 5298 0⁰¹⁰
492 5241 607 5299 ³⁰¹⁰¹¹¹
623 5229 757 5322 “biqu‘
773 5229 881 5300 ''¹¹¹¹‘i
897 5229 969 5300 ⁸³⁰¹
983 5229 1081 5300 infir·
1204 5211 1699 5352 ttshitl⁰S:,lt”t·t:..tt‘t:t
1717 5211 1965 5350 stulttia
1978 5209 2128 5336 iiiiii

89 5337 156 5418 mi,
181 5346 216 5404 et
227 5331 388 5400 noudum
404 5329 557 5400 instituti
572 5329 611 5398 in
626 5331 787 5402 doctrina
801 5327 991 5418 Ecclesiae,
1010 5331 1083 5404 imo
1206 5373 1307 5476 eorpus
1326 5353 1385 5406 eine
1400 5350 1605 5434 precatuum
1624 5351 1736 5422 ugano
1757 5349 1967 5420 tutettigmtuu
1982 5369 2040 5406 cue
2054 5369 2127 5406 eon·

82 5433 298 5510 -conurmau
314 5431 353 5500 in
373 5431 569 5502 erroribus:
596 5455 736 5504 neeesse
758 5447 810 5506 eu
833 5433 937 5504 inicio
953 5427 1085 5506 heure
1205 5417 1876 5560 23¹„j,¹,·‚,⁸;¹,’;31²“222‘‘ssssffilggffi‘gflg'gtssj
1892 5421 2127 5557 aegmffg

90 5539 268 5611 rationem
282 5534 516 5604 inhnnorum.
1204 5559 1308 5627 Paret]

146 5643 327 5714 Μιιιιτι.
353 5639 568 5708 Orrr.'Vor..
593 5636 659 5708 IX.
1494 5633 1542 5706 61

1139 3697 1255 3766 trem?
1304 3699 1455 3768 Talibus
1471 3699 1682 3790 prodigiosis
1700 3703 1967 3794 quaestionibus
1983 3705 2132 3790 reiectis,
2239 3731 2243 3739 ·
