4690 6206
87 353 164 426 oar
558 321 562 326 ’
654 336 1096 420 arrsrosaaou
1144 327 1383 408 cessam.
1440 331 1576 408 asso.
2060 341 2139 418 μω

88 545 171 592 sora
198 543 336 588 morum
361 513 491 586 iudicia
515 535 598 584 esse.
658 509 716 580 Ab
743 506 808 580 bae
835 507 944 576 veteri
970 506 1084 575 sorana
1134 509 1229 570 sunt.
1290 492 1511 571 Viditaetes
1540 495 1942 578 ceramussense
1974 511 2134 602 exempla

87 621 269 694 Ecclesiae
294 616 352 691 bic
375 613 643 686 honestissimus
663 616 794 702 gradus
808 606 1085 700 Arcbiepiseopo
1138 599 1302 691 plurima.
1362 597 1453 670 Narn
1476 601 1667 674 seditiones
1690 618 1725 676 et
1747 623 1969 679 monstrosae
1990 613 2133 702 opinio-

89 721 381 812 Meideburgensi
399 717 592 788 attributus
608 730 677 795 est,
711 730 749 784 nt
764 716 807 782 sit
831 726 863 782 et
882 711 1087 780 nominetur
1137 725 1199 772 nes
1222 701 1410 796 pleraeque
1433 703 1477 772 ab
1495 703 1648 776 indoctis
1663 721 1760 780 ortae
1777 725 1871 783 sunt.
1924 709 1970 782 Et
1985 714 2045 784 illa
2059 716 2134 784 dis.

89 823 307 896 Germaniae
330 823 478 892 Primas.
536 817 626 890 Nam
649 819 693 887 ad
718 814 1000 886 Ecclesiasticam
1022 835 1086 898 go-
1138 805 1237 874 color
1259 799 1575 896 Anabaptistarum
1600 809 1702 880 turba
1733 811 1859 882 similis
1880 815 2013 888 furenti
2039 819 2133 886 mut..

88 929 336 1000 P⁰f¹¹³¹l⁰¹¹⁰¹¹¹
370 919 437 994 *¹⁰⁰
461 915 606 1011 ἀξίωμα
640 919 782 1009 l)¹'0l’rie
804 916 969 1009 Pellissfll·
1027 910 1083 982 Ad
1139 901 1307 990 Uindilli,
1338 931 1430 1001 quae
1445 907 1484 978 in
1498 909 1608 998 orgiis
1621 907 1751 982 Baccbi
1775 919 2027 1001 concurrebat,
2054 931 2133 988 tan.

88 1027 189 1102 bunc
206 1028 464 1098 controversiae
484 1019 749 1092 Ecclesiasticae
766 1021 976 1088 deserendae
993 1027 1087 1086 sunt.
1140 1022 1214 1080 tum
1236 1023 1290 1080 est
1310 1010 1539 1082 indoctorum
1561 1003 1747 1084 bominum
1771 1018 1942 1088 colluvies
1955 1015 2018 1090 recl
2043 1043 2133 1115 nvp*

88 1132 163 1202 llic
179 1131 345 1226 Synodos
361 1148 555 1198 convocare
572 1125 693 1204 debet,
728 1117 810 1190 lmic
830 1121 956 1192 caeteri
975 1115 1085 1186 uocati
1140 1105 1261 1205 φετὸς.
1317 1109 1466 1184 Necesse
1486 1126 1539 1184 est
1566 1115 1690 1204 igitur,
1724 1121 1899 1209 sapientes
1917 1123 2136 1210 gubernato-

89 1248 242 1328 propter
269 1231 454 1301 doctrinae
489 1225 746 1298 controversias
788 1247 911 1315 parere
947 1223 1087 1290 debent.
1139 1237 1196 1284 res
1218 1227 1253 1286 et
1274 1208 1443 1284 Ecclesiis
1457 1217 1645 1306 praeficere
1667 1235 1760 1290 reete
1775 1223 1934 1293 eruditos
1951 1221 2133 1309 Doctores,

87 1338 210 1408 liuius
243 1333 401 1404 osticium
430 1345 483 1404 est
513 1329 683 1422 legitima,
697 1328 828 1398 iudicia
857 1324 1088 1406 constituere,
1138 1329 1173 1386 et
1188 1339 1330 1396 curare,
1358 1333 1398 1390 ot
1415 1319 1581 1392 iuventus
1595 1344 1635 1390 ex
1650 1322 1811 1412 limpidis
1824 1325 1984 1394 sontibus
2000 1330 2134 1398 doctri-

90 1463 217 1528 rogare
239 1437 448 1517 sententias,
489 1446 523 1502 et
545 1431 694 1521 primam
726 1427 937 1500 sententiam
962 1426 1089 1507 dicere,
1141 1442 1222 1488 narn
1243 1413 1399 1504 hauriat,
1432 1422 1543 1492 ‹tiscat
1567 1446 1648 1492 vera
1666 1425 1897 1498 fundamenta
1915 1430 2133 1516 dogmatum,

91 1545 253 1636 proferre
279 1541 437 1618 decreta,
473 1549 506 1606 et
529 1528 663 1625 publici
692 1554 883 1601 consensus
907 1531 1086 1598 custodem
1140 1534 1176 1592 et
1191 1520 1286 1592 intra
1304 1537 1415 1594 meus
1428 1527 1633 1596 coerceatur
1652 1529 1783 1596 asanis
1799 1543 1833 1600 et
1848 1531 2007 1620 probatis
2021 1533 2134 1600 artib-

91 1669 178 1718 esse.
232 1641 416 1730 Quantum
434 1633 500 1710 hoc
517 1637 622 1707 decus
639 1629 976 1724 cstArchiepiscopi
994 1627 1087 1700 Mei·
1140 1623 1239 1694 cilius
1259 1640 1480 1704 monstratas».
1540 1625 1698 1697 Maiores
1720 1632 1791 1714 tui,
1823 1629 2134 1726 PrincepsSigisa

91 1737 347 1836 ‹teburgotsist
398 1742 488 1826 Sed,
521 1733 750 1828 prohdolor!
785 1728 1089 1822 etiamlrigradus
1140 1719 1302 1810 urende,
1334 1753 1414 1800 cum
1437 1729 1519 1800 aliis
1543 1730 1755 1816 virtutibus,
1791 1733 1947 1814 iustitia,
1987 1736 2133 1806 fortitu·

91 1852 264 1920 salutares
284 1847 318 1914 in
337 1839 493 1916 Ecclesia
511 1843 753 1912 turbatisont.
812 1835 1089 1909 Romanusdn-
1139 1828 1226 1898 dine
1254 1842 1289 1900 et
1309 1831 1457 1905 seientia
1480 1831 1532 1900 rei
1561 1833 1726 1904 militaris
1753 1837 2013 1922 excelluerunt,
2057 1850 2132 1908 taren

93 1953 193 2022 tistcs
218 1951 260 2018 ad
285 1973 320 2018 se
337 1973 449 2018 ttrrtsm
467 1943 559 2014 branc
582 1943 809 2014 autoritatem
823 1938 1022 2020 transtulit,
1056 1949 1089 2004 et
1140 1953 1224 2000 vero
1240 1933 1460 2025 praecipuam
1486 1935 1626 2003 laudem
1644 1937 1835 2028 sapientiae
1857 1953 1891 2008 et
1909 1939 2133 2032 eloquentiae

92 2069 212 2121 tamen
231 2047 317 2119 baec
342 2050 451 2116 tristia
477 2047 622 2114 dissidia
651 2041 866 2112 Germaniae
885 2041 1090 2122 ostendunt,
1141 2027 1352 2105 habuerunt.
1410 2035 1489 2123 Qua
1514 2039 1609 2105 dere
1629 2061 1708 2107 curn
1725 2039 1836 2109 mirlta
1858 2065 2133 2112 commemoras„

92 2175 184 2238 opos
218 2173 291 2216 csse
324 2150 380 2238 pia
415 2148 573 2242 synodo.
633 2141 680 2213 Et
708 2158 874 2233 expetunt
896 2143 1088 2230 legitimam
1141 2157 1297 2226 possem,
1323 2131 1608 2208 banchistoriam
1624 2153 1761 2210 tanturn
1778 2143 1987 2214 recitabode
2001 2169 2133 2235 proavo
2223 2217 2229 2230 ¹

93 2252 333 2338 cognitionem
354 2251 558 2338 dogmatmn
580 2269 703 2316 omnes
721 2247 834 2314 bonae
853 2257 986 2314 mentes
1003 2243 1089 2312 assi·
1140 2251 1221 2320 tuo,
1254 2261 1359 2328 quam
1377 2263 1521 2308 narrare
1536 2240 1671 2310 solebat
1686 2237 1743 2310 bis
1758 2245 1887 2320 verbis.

93 2355 176 2420 duis
192 2354 281 2422 votis
297 2364 329 2419 et
347 2351 546 2444 gemitibus.
1064 2445 1080 2459 ..
1226 2351 1324 2430 'Dux
1347 2354 1538 2442 saxoniae,
1580 2351 1791 2444 Iohannes,
1837 2359 1999 2448 medor,
2040 2367 2134 2456 opfi-

199 2469 349 2560 Quoties
374 2467 600 2558 igiturtutnn
625 2454 721 2536 bunc
745 2465 890 2558 plenum
908 2461 1089 2555 dignitatis
1140 2455 1420 2552 nntsPrinceps,
1451 2475 1484 2529 et
1503 2461 1593 2530 tradi
1619 2463 1814 2552 posteritati
1831 2465 1917 2535 utile
1934 2481 1997 2542 est.
2049 2467 2132 2536 Bel-

95 2574 240 2642 titulum
264 2565 430 2640 Primatis
450 2573 552 2660 legis:
586 2571 734 2660 cogites,
776 2593 934 2664 quaeso,
956 2571 999 2636 de
1027 2582 1089 2636 too
1141 2559 1213 2628 lum
1246 2561 1439 2632 intulerant
1467 2563 1613 2634 Silesiae
1636 2566 1708 2634 duo
1743 2568 1979 2656 potentissimi
2006 2567 2135 2660 Reges,

93 2695 263 2756 munere,
298 2688 331 2742 et
362 2673 405 2740 de
436 2671 573 2764 magnis
595 2667 772 2742 Ecclesiae
796 2668 1022 2754 vulneribus,
1057 2677 1090 2738 el
1140 2653 1354 2746 Matthias,
1384 2662 1628 2754 ilungaricus,
1660 2679 1695 2736 et
1718 2659 1949 2751 Casinati-us,
1984 2671 2132 2741 Poloni-

92 2792 237 2869 pectora
255 2777 447 2844 multorum
465 2778 606 2868 piorum
628 2775 807 2858 intueare,
836 2799 925 2866 quae
940 2766 1090 2841 assiduis
1140 2785 1212 2835 cus.
1279 2761 1370 2834 Cum
1403 2781 1519 2836 autem
1553 2767 1661 2836 vicini
1694 2765 1895 2866 Principes,
1939 2769 2134 2856 Electeres,

91 2879 286 2970 ‘gemitibus
310 2877 467 2946 dolorem
495 2901 596 2948 sueno
621 2879 832 2960 ostendunt,
868 2887 895 2943 et
921 2871 1090 2944 Ecclesiis
1140 2859 1336 2938 Saronicus
1352 2881 1386 2938 ct
1404 2861 1626 2950 Marcbicus,
1661 2869 1840 2958 viderent,
1874 2901 1948 2945 non
1970 2875 2132 2948 Silesiam

93 2979 233 3050 cornuli
261 2991 395 3072 petunt.
453 2975 628 3048 Existimo
653 2993 788 3062 antem,
829 2991 863 3045 te
886 2975 1087 3068 Principem
1139 2983 1298 3052 tantiam,
1330 2973 1397 3039 sed·
1416 2973 1617 3042 universam
1640 2967 1732 3042 hanc
1748 2973 1962 3050 Germaniae
1980 2997 2079 3048 oram
2095 2981 2133 3048 in

91 3097 283 3174 colludium
314 3079 435 3150 mullis
457 3079 615 3174 Regibus
642 3094 673 3150 et
696 3077 922 3172 Principibus
951 3079 989 3147 in
1023 3073 1089 3146 hoc
1142 3072 1299 3162 periculo
1331 3095 1425 3158 esse,
1468 3097 1541 3144 sese
1575 3075 1859 3163 coniunxerunt,
1900 3095 1934 3150 et
1968 3099 2135 3171 cognatos

90 3185 274 3277 fastigium
294 3183 503 3254 collocatum
520 3202 612 3268 esse,
639 3197 677 3252 ut
695 3179 901 3252 salutarium
923 3179 1090 3250 consilio·
1140 3173 1324 3263 Principes
1344 3177 1388 3249 ad
1411 3199 1634 3248 communem
1657 3174 1797 3250 Patriae
1821 3181 2062 3254 defensionem
2081 3197 2135 3255 η,

92 3315 176 3362 rum
201 3287 380 3359 adiutores
402 3279 546 3372 babeas,
579 3283 660 3378 qai,
696 3307 775 3353 curn
799 3299 832 3354 et
861 3283 929 3376 ipsi
957 3297 1090 3374 optent,
1141 3287 1334 3347 traxerunt.
1395 3275 1496 3348 Talis
1523 3293 1598 3350 erat
1632 3293 1717 3352 tune
1750 3295 1784 3350 et
1808 3307 1909 3374 amor
1934 3283 2134 3356 patrini„

90 3417 204 3466 unam
232 3413 304 3459 esse
325 3389 418 3480 piam
436 3412 557 3458 vocem
574 3381 770 3468 Ecclesiae,
803 3385 869 3456 tint
897 3409 969 3453 non
987 3385 1088 3452 delu-
1139 3372 1369 3470 Principibus
1385 3393 1419 3448 ct
1437 3382 1669 3466 concordiae,
1702 3384 2135 3460 utlibeuterseconiun.

94 3493 281 3566 turisnnt.
330 3487 407 3561 Etsi
424 3503 561 3576 autem,
594 3513 673 3557 cum
691 3488 773 3556 talia
790 3487 959 3571 dicimus,
991 3486 1090 3554 vide·
1141 3494 1273 3568 gerent.
1326 3475 1562 3551 EtMattbiae
1581 3483 1762 3554 iracundia
1786 3503 1818 3556 et
1835 3489 2132 3558 celeritaslormi-

94 3621 178 3666 mur
191 3607 231 3665 ut
246 3591 334 3662 latui
351 3591 510 3662 Platonis
530 3591 689 3684 politiam
708 3589 869 3682 pingere,
901 3603 1018 3657 tamen
1036 3611 1091 3655 res
1140 3581 1328 3652 dabantur.
1405 3579 1550 3653 Ducunt
1585 3585 1693 3672 igitur
1727 3609 1786 3656 sex
1825 3589 1938 3658 millia
1974 3593 2135 3685 equitum

99 3697 173 3787 ipsa
188 3697 329 3768 tandem
351 3695 488 3788 aliquos
508 3691 691 3784 Principes
716 3707 814 3782 coget
832 3689 1013 3760 communi
1030 3692 1091 3758 de·
1141 3681 1411 3752 lectissimorum
1439 3687 1485 3753 ad
1519 3683 1768 3756 Vratislaviam
1797 3709 1929 3782 usque,
1970 3695 2055 3786 quta
2082 3691 2134 3762 ibt

101 3799 308 3870 liberatione
325 3797 516 3888 legitimam
532 3795 770 3888 cognitionem
782 3792 984 3872 instituere,
1002 3815 1092 3886 quae
1141 3799 1252 3856 castra
1273 3784 1459 3878 utriusque
1482 3783 1591 3876 Regis
1613 3801 1725 3863 erant.
1783 3786 2010 3864 Denunciant
2025 3786 2135 3884 Regi-

97 3901 157 3972 fiet
178 3901 334 3986 felicius,
366 3901 395 3970 si
420 3911 560 3988 regetur
582 3927 600 3970 a
624 3897 727 3968 bouis
748 3893 995 3987 Principibus,
1030 3891 1090 3988 qui
1142 3889 1209 3956 bos
1231 3911 1267 3956 se
1294 3885 1429 3970 vestire,
1461 3901 1501 3958 ut
1524 3889 1596 3960 sint
1619 3889 1746 3960 arbitri
1762 3896 2023 3966 controversiae
2038 3895 2135 3987 ipso-

96 4003 282 4075 vcritatem
306 4001 382 4073 sine
406 4001 499 4072 odiis
520 4017 555 4076 et
570 4004 649 4074 aliis
667 3999 812 4096 privatis
836 3995 1091 4090 cupiditatibus
1141 4011 1240 4074 rum,
1270 4003 1304 4060 et
1327 3989 1421 4080 pacis
1442 3991 1667 4064 conditiones
1692 4009 1913 4084 proponant,
1943 4019 2050 4092 seque
2072 4003 2136 4067 ad-

96 4119 286 4202 quaerunt.
347 4103 485 4176 interea
514 4117 548 4175 te
583 4117 764 4198 optamus,
808 4117 842 4173 et
875 4093 1090 4172 hortatorem
1142 4094 1735 4173 iuncturossuumexercitumilli,
1764 4097 2136 4188 quipacisconditim

97 4233 172 4281 esse
197 4205 360 4290 caeteris,
387 4221 426 4276 ut
450 4203 515 4277 hac
538 4211 694 4279 tantade
718 4201 947 4296 recogitent.
985 4214 1017 4271 et
1038 4201 1091 4268 la·
1142 4219 1204 4264 nes
1221 4195 1387 4284 accipiet,
1414 4209 1452 4263 ut
1468 4195 1558 4264 alter
1573 4197 1734 4288 pellatur.
1794 4195 2135 4293 EmtaeqoiorRer

96 4337 181 4382 vere
197 4309 325 4381 studiis
340 4303 569 4379 bonestorum
586 4301 794 4393 bominum,
820 4329 973 4401 quorum
991 4301 1093 4372 labor
1141 4297 1354 4381 Polonicus,
1391 4311 1423 4367 et
1441 4297 1597 4382 volebat,
1630 4321 1750 4390 pacem
1769 4301 1858 4371 fleri.
1906 4297 1999 4371 (lum
2026 4300 2137 4392 igitur

98 4413 208 4486 mvii
224 4414 399 4484 iuvenlull
417 4411 455 4480 in
470 4414 722 4503 propagatione
739 4435 843 4480 verae
860 4408 1041 4479 doctrinae
1058 4417 1093 4476 et
1142 4402 1181 4470 in
1196 4412 1293 4470 metu
1312 4413 1403 4469 esset
1422 4397 1501 4472 Rea
1516 4393 1735 4488 Matthias,
1765 4403 1916 4472 deducta
1934 4425 1990 4473 res
2013 4419 2064 4475 est
2088 4407 2134 4474 sd

97 4515 291 4600 exercitiis,
328 4537 417 4606 quae
447 4525 582 4584 mentes
614 4515 660 4584 ad
683 4507 831 4583 honesta
855 4526 889 4582 et
909 4509 1092 4579 moderata
1141 4501 1368 4593 exponendas
1386 4503 1481 4593 pacis
1496 4501 1730 4578 conditiones.
1767 4501 1842 4574 Has
1855 4505 2016 4596 exposuit
2033 4503 2135 4576 Mar.

99 4619 270 4703 consilia,
303 4629 336 4686 et
368 4617 411 4684 ad
443 4637 599 4685 amorem
632 4615 793 4708 publicae
824 4611 1093 4708 tranquillitatis
1141 4595 1452 4690 chiololsonnes,
1487 4601 1651 4690 Elector,
1684 4619 1949 4698 proavustuus,
1981 4609 2085 4699 longa
2100 4623 2135 4682 er

96 4719 348 4794 assuefaciunt.
400 4714 635 4786 Verissimum
654 4731 703 4786 cst
722 4717 817 4785 enim
836 4715 926 4786 illud
944 4707 1092 4807 Thucy·
1141 4707 1327 4800 splendida
1357 4707 1540 4794 oratione,
1573 4709 1612 4776 in
1639 4729 1709 4800 qua
1737 4701 1844 4778 boras
1871 4721 2026 4802 quatum
2050 4733 2136 4781 ean.

98 4827 264 4896 dideum:
296 4813 446 4911 ἀμαθία
462 4811 607 4916 θράσος
620 4813 862 4915 ἀπεργάζεται
873 4842 883 4880 .·
909 4810 952 4886 τὸ
971 4809 1012 4885 δὲ
1034 4820 1092 4884 le-
1139 4810 1310 4902 sumpsit,
1341 4807 1571 4880 audientibus
1585 4809 1785 4901 praecipuis
1804 4809 1892 4880 viris
1908 4811 2017 4882 nium
2035 4835 2134 4882 mr.

99 4921 322 5026 loyrops‘vos‘
351 4921 475 4996 ὄκνον.
534 4917 673 4993 indocti
702 4933 735 4992 et
765 4943 838 4989 non
862 4917 1091 4988 mansuefacti
1140 4913 1287 4986 eitoum.
1338 4907 1406 4982 llis
1423 4911 1692 4982 conditionibus
1706 4913 1877 5006 utrinqne
1892 4914 2044 5006 acceptis
2059 4911 2134 4987 Rea

96 5031 238 5102 cultura
260 5019 427 5095 honestae
453 5024 653 5094 doctrinae:
689 5038 722 5094 et
746 5047 820 5092 non
845 5018 1091 5106 intelligentes,
1140 5038 1199 5106 ges
1221 5017 1476 5094 discesserunt,
1515 5027 1547 5084 et
1581 5011 1774 5084 Germania
1801 5015 1937 5106 ingenti
1975 5015 2134 5106 periculo

99 5143 272 5228 quantum
295 5149 387 5197 onus
407 5127 470 5214 sit,
510 5127 734 5198 rectedicere
755 5127 951 5208 odorere,
980 5121 1089 5208 magis
1139 5117 1288 5216 liberata
1312 5131 1373 5190 est.
1435 5114 1587 5210 Fuit‘que
1616 5117 1691 5186 laut
1713 5118 1900 5208 praecipua
1924 5116 1975 5186 tui
1999 5119 2135 5209 proavi.

97 5235 182 5312 ieri,
222 5229 447 5323 praecipites,
486 5231 667 5312 iracundi,
701 5227 844 5317 superbi
875 5239 907 5296 et
934 5223 1089 5312 pertina-
1137 5219 1283 5292 Dictum
1300 5231 1352 5288 est
1365 5219 1481 5296 enim,
1513 5219 1697 5289 etsimnlti
1717 5215 1891 5311 sapientes
1914 5219 2133 5315 eteloqoen-

99 5345 275 5416 0²⁸³l¹¹¹is
310 5333 514 5425 quamatit,
548 5333 608 5426 qui
627 5335 670 5400 ad
689 5327 1035 5420 circumspectionem
1055 5340 1089 5396 et
1137 5338 1188 5396 tes
1213 5323 1282 5390 viri
1307 5321 1344 5388 in
1367 5321 1439 5389 illis
1454 5322 1665 5391 exercitibus
1680 5322 1846 5392 inissent:
1879 5323 2133 5392 tamenextsti-

98 5461 218 5509 comm
244 5449 337 5504 recte
365 5434 562 5526 explicandi
599 5459 653 5504 res
684 5433 865 5512 difficiles,
898 5453 988 5524 qnae
1013 5427 1086 5520 ipsa
1136 5425 1232 5496 mavi
1256 5447 1275 5492 a
1296 5421 1439 5492 nemine
1462 5421 1533 5492 alio
1558 5435 1627 5494 tarn
1653 5423 1837 5516 splendide
1862 5417 1955 5494 banc
1976 5447 2135 5497 caussam

97 5539 336 5614 corttationem
363 5550 397 5607 et
424 5537 702 5610 moderationem
727 5537 860 5624 adlert,
894 5531 1086 5604 adsuefacti
1136 5525 1266 5618 exponi
1281 5523 1449 5616 potuisse.
