4708 6190
72 383 153 460 829
642 367 1077 456 EPISTOLARUM

71 559 180 632 iaciat
195 579 276 627 eum
296 557 426 638 σκεῦος
439 527 561 636 itioris
575 567 609 626 et
627 575 799 643 organum
811 573 876 622 suo
891 541 1073 638 nomine')
1098 575 1101 616 ι

75 675 115 746 et
131 661 220 734 aliis.
272 655 432 739 Efficiat,
458 671 499 728 ut
513 655 771 748 quamplurimi
783 674 896 723 uuum
911 651 1021 720 simus
1035 647 1074 718 iu

71 762 166 837 Deo.
216 760 326 832 Datae
349 781 444 831 anno
462 756 573 832 1559.
592 760 649 828 die
666 755 757 826 Maii
774 754 941 842 vicesimo
965 775 1074 838 nono,

71 889 149 961 quo
167 864 225 934 die
248 875 329 934 aute
352 885 466 933 annos
481 876 623 933 centum
646 875 681 931 et
694 883 752 928 sex
768 855 1072 948 Constantinopo-

71 969 122 1038 lis
139 993 157 1037 a
175 965 293 1036 Tusca
315 979 416 1056 capta
439 977 501 1036 est.
552 959 642 1033 Eius
662 957 810 1034 historia
829 960 1024 1030 ostendunt
1040 951 1073 1052 ²)

68 1091 306 1147 moneamur,
332 1083 372 1138 ut
387 1067 571 1140 ardentius
592 1087 777 1156 precamur
792 1063 907 1132 lilium
923 1059 1008 1148 Dei,
1032 1073 1073 1130 ut

67 1169 256 1244 Ecclesiae
273 1193 357 1240 suae
373 1169 541 1264 reliquias
556 1179 717 1260 protegat
732 1179 767 1236 et
781 1175 906 1233 servet.

587 1263 775 1360 Philippus
793 1257 1017 1336 Melantbon.

651 1393 761 1441 manu
783 1367 942 1464 propria.

66 1584 129 1601 ss

369 1903 522 1992 Iooclc.
549 1903 762 1990 Moltero.

145 2065 230 2137 epra.
251 2065 298 2124 tu.
310 2064 345 2121 u.
359 2083 391 2158 Ιρ.
406 2063 467 2120 sn.
486 2061 539 2128 (aa.
551 2059 644 2116 nasa.
666 2058 715 2114 trs.
728 2057 762 2114 u.
779 2075 824 2132 ep.
839 2057 923 2128 sesa.

289 2199 344 2280 D.
370 2195 618 2274 lonchimo
643 2195 854 2272 Mollero

67 2341 124 2429 S.
148 2351 192 2427 D.
244 2350 448 2424 Clarissime
481 2353 598 2424 viret
629 2347 833 2422 charissime
861 2351 987 2435 trater,
1019 2343 1066 2418 Et

65 2457 196 2526 dolere.
220 2479 284 2524 uos
305 2456 410 2524 bonis
428 2453 655 2545 Principibus
677 2455 821 2524 orbatos
848 2452 981 2522 iustum
1005 2463 1067 2536 est,

64 2571 110 2628 et
132 2581 211 2626 cum
234 2557 386 2626 sciamus
407 2581 489 2626 vere
510 2554 578 2626 Dei
601 2575 706 2648 opera
736 2568 771 2626 et
792 2553 961 2626 beneficia
991 2575 1065 2624 ease

62 2659 243 2732 salutaria
265 2659 431 2750 imperia,
456 2659 501 2728 ab
523 2658 601 2749 ipso
623 2657 832 2730 ardentibus
849 2654 942 2726 votis
967 2667 1064 2746 peta·

63 2784 166 2846 rnus,
188 2772 227 2830 ut
238 2772 273 2830 et
282 2761 454 2850 gubernet
469 2782 541 2844 eos,
567 2760 720 2854 quisunt
736 2758 952 2852 superstites,
975 2771 1010 2830 et
1024 2757 1064 2826 in

64 2861 261 2934 stationem
292 2885 432 2947 eorum,
464 2862 525 2955 qui
552 2887 593 2931 ex
617 2855 683 2932 bac
708 2863 780 2934 vita
807 2861 943 2932 evocati
968 2873 1065 2946 aunt,

65 2966 224 3036 collocet
235 2965 345 3048 alios,
371 2987 460 3058 quos
473 2963 578 3032 taciat
594 2955 705 3058 σκεύη
721 2960 858 3048 ἐλέους,
884 2977 919 3034 et
932 2984 1062 3052 organa

64 3064 269 3150 Ecclesiae,
302 3080 336 3135 et
360 3065 493 3156 patriae
521 3063 637 3138 utilia.
697 3063 779 3136 Tuo
800 3087 921 3136 socero
943 3079 977 3136 et
996 3063 1064 3134 tibi

64 3193 174 3240 curas
190 3183 224 3239 et
239 3169 379 3238 labores
393 3189 547 3238 crescere
562 3189 636 3236 non
651 3167 789 3242 dubito.
816 3165 937 3256 Quare
947 3164 1062 3238 Deum

66 3285 256 3344 aeternum
272 3267 412 3340 Patrem
428 3266 575 3340 Domini
592 3269 705 3340 nostri
718 3265 949 3353 lesquristi,
964 3281 1063 3340 ‘erea-

67 3391 184 3446 torem
210 3371 347 3468 generis
364 3365 532 3455 humaui,
558 3385 591 3442 et
610 3374 792 3442 custodem
811 3371 988 3460 legitimae
1004 3394 1063 3440 ao·

71 3477 206 3547 rietatis
221 3500 296 3560 οπο,
322 3486 360 3544 ut
372 3473 476 3543 vobis
492 3472 629 3542 animae
643 3486 674 3542 et
693 3473 852 3562 corporis
866 3473 959 3541 vires
974 3495 1060 3542 con·

73 3579 207 3662 firmet,
231 3593 267 3648 et
284 3577 416 3646 tribuat
431 3574 533 3644 vobis
551 3573 698 3644 consilia
717 3573 844 3644 telicia.
895 3569 1060 3665 Optarim

75 3679 259 3750 bellatores
274 3680 311 3747 in
331 3679 449 3747 littore
463 3689 578 3746 vestro
594 3675 712 3768 potius
728 3675 905 3767 depellere
919 3699 939 3746 a
954 3673 1063 3746 Colo·

77 3778 150 3848 niis
166 3771 395 3852 Germanicis
418 3781 456 3848 in
474 3771 639 3847 Livonia
656 3772 910 3849 Mnscovicam
934 3777 1063 3848 barba-

943 1727 971 1784 t.
991 1711 1061 1782 lun.

926 1807 1066 1840 w

73 3881 183 3968 mem,
212 3909 318 3979 quarn
351 3883 485 3974 patriae
511 3880 646 3951 bellum
676 3881 819 3954 inferre.
872 3877 917 3951 ln
942 3895 1062 3950 nostra

70 3983 204 4056 vicinia
224 3999 320 4056 mota
343 3999 425 4056 sunt
446 3977 664 4074 Theologica
693 3983 797 4056 bella.
853 3979 980 4056 Pastor
1000 3977 1063 4053 Ie·

69 4085 197 4158 nensis
212 4101 245 4158 et
263 4083 479 4158 Victorinus
494 4081 611 4158 adbuc
625 4086 757 4181 captivi
769 4098 948 4161 tenentur.
983 4079 1062 4156 Oro

70 4187 309 4274 Fructuosi,
333 4201 422 4261 utet
440 4189 535 4280 ipsos
553 4189 699 4276 liberet,
723 4203 757 4260 et
776 4209 842 4259 nos
857 4209 981 4260 omnes
998 4210 1063 4278 gu-

69 4293 210 4367 bernet.
260 4290 359 4362 Bene
391 4291 470 4362 vale
501 4285 706 4362 charissime
738 4293 867 4376 trater,
903 4289 1062 4362 Salutem

67 4407 158 4489 opto
172 4393 367 4466 clarissimo
383 4407 417 4464 et
429 4392 565 4484 optimo
581 4393 660 4465 viro
674 4417 796 4466 socero
812 4407 887 4478 tuo,
912 4406 946 4466 et
960 4391 1064 4466 vobis

66 4497 251 4576 omnibus.
301 4494 470 4570 Calendis
486 4491 593 4570 Iunii.

68 4709 178 4729 μ’·

65 4841 266 4970 Q.

374 5025 517 5114 Henr.
549 5023 764 5111 Mottero.

139 5183 706 5268 annattnoaeuananu.

61 5317 292 5348 ,ινφ-ω..-

892 4929 1063 4962 M

104 5421 133 5484 t)
151 5435 202 5472 nan
213 5415 359 5488 manner]
377 5413 454 5469 lland
467 5413 549 5470 tutte
561 5413 703 5472 mendum.

99 5503 130 5572 ί)
148 5501 220 5556 Dedi
239 5511 270 5556 tat
288 5499 389 5574 scripta
406 5509 469 5554 aunt
494 5499 523 5552 in
541 5501 650 5556 codice.
690 5497 744 5553 διδ
765 5495 896 5552 mendosa
917 5507 990 5558 aaut.
1024 5499 1059 5554 ln

134 5571 196 5630 aliia
212 5589 275 5644 epp.
292 5571 423 5644 leguntur
442 5569 543 5628 nerbas
560 5573 641 5624 autu
662 5570 752 5624 stadis
769 5567 921 5622 normata.
1021 5611 1025 5622 .

1129 361 1236 443 nra.
1263 361 1366 444 xru.
1421 363 1557 444 cass.
2041 341 2149 446 sso'

1124 533 1324 644 Magistro
1347 537 1553 614 Henrico
1568 535 1793 630 Matrem,
1819 539 1860 614 in
1877 539 1970 615 aula
1985 541 2122 642 inclyti

1418 639 1610 744 Principis
1633 641 1828 722 Nassavii.

1124 777 1175 863 S.
1198 789 1243 863 D.
1284 791 1495 868 Doctissime
1510 797 1566 868 vir
1580 811 1615 870 et
1633 797 1750 873 eariss.
1766 799 1885 870 trater.
1927 793 2120 868 Credimus

1124 893 1237 964 tilium
1257 891 1326 966 Dei
1349 899 1470 968 sedere
1488 901 1533 970 ad
1551 901 1709 972 dextram
1735 900 1870 971 aeterni
1888 900 1999 991 patris
2022 901 2117 972 dona

1123 995 1330 1087 largientem
1363 993 1589 1088 hominibus,
1623 1003 1813 1074 salutarem
1843 1001 2026 1072 doctrinae
2052 1027 2117 1072 vo-

1123 1121 1216 1185 cem,
1240 1123 1347 1194 quem
1361 1100 1488 1175 invoco
1505 1119 1539 1176 et
1553 1131 1637 1192 oro,
1662 1119 1703 1176 nt
1717 1129 1785 1176 nos
1798 1105 1981 1195 gubernet.
2023 1100 2116 1178 ¹Pla·

1122 1213 1176 1270 cet
1198 1203 1350 1290 nostris,
1375 1219 1416 1276 ut
1439 1207 1504 1278 tibi
1526 1211 1686 1279 tradatur
1711 1209 1810 1278 locus
1830 1199 2002 1276 Forsteri
2020 1217 2055 1276 et
2076 1207 2116 1275 in

1121 1299 1325 1398 prophetica
1348 1310 1574 1380 enarratione
1598 1325 1633 1382 et
1658 1310 1697 1378 iu
1720 1309 1862 1400 linguae
1880 1303 2040 1378 Ebraeae
2058 1307 2115 1378 irt-

1121 1407 1372 1496 terpretatione
1389 1405 1427 1504 ¹).
1480 1410 1601 1500 Quare
1618 1425 1797 1504 optamus,
1819 1423 1859 1481 ut
1876 1431 1949 1480 non
1965 1432 2116 1497 recuses,

1120 1506 1159 1574 in
1176 1522 1296 1578 nostra
1316 1507 1512 1610 μυρμηκίᾳ
1534 1515 1684 1599 servire,
1709 1527 1742 1584 et
1758 1513 1911 1583 reditum
1935 1525 2036 1582 tuum
2054 1536 2115 1581 ex-

1120 1623 1312 1700 pectemus.
1353 1611 1473 1684 Vicini
1495 1618 1605 1708 captis
1620 1616 1706 1686 viris
1721 1611 2008 1698 modestissimis,
2034 1609 2114 1681 An-

1121 1705 1210 1781 ἄνια
1236 1711 1381 1784 Pastore
1407 1713 1567 1804 lenensi,
1602 1731 1635 1790 et
1664 1711 1881 1802 Victorino,
1915 1715 2112 1786 multorum

1119 1813 1258 1884 animos
1273 1817 1510 1890 offenderunt.
1554 1819 1666 1914 Spero
1681 1817 1797 1890 Deum
1812 1843 1878 1890 nos
1894 1819 2112 1910 gubernatu·

1119 1939 1199 1986 nrm
1220 1939 1292 1987 esse
1314 1931 1349 1990 et
1373 1934 1633 2010 protecturum3
1660 1937 1714 2008 et,
1740 1937 1780 1995 ut
1802 1945 1869 1992 nos
1888 1921 2062 2011 gubernet
2078 1933 2112 1989 et
2175 1973 2181 1980 ·
2217 1988 2224 2001 ,

1117 2031 1297 2110 protegat,
1319 2021 1469 2092 assiduis
1486 2025 1578 2095 votis
1602 2049 1683 2095 eum
1701 2049 1777 2095 oro.
1827 2021 1922 2093 Belli
1946 2021 2049 2092 initia
2071 2021 2111 2092 in

1118 2120 1246 2190 vicinia
1267 2123 1401 2212 patriae
1416 2120 1446 2218 ²)
1469 2125 1552 2196 talia
1575 2139 1676 2212 sunt,
1708 2141 1750 2198 ut
1770 2125 1986 2210 existimem,
2018 2137 2052 2194 te
2070 2123 2111 2194 in

1117 2219 1308 2292 Academia
1331 2225 1502 2296 libentius
1524 2229 1686 2299 futurum
1709 2251 1783 2298 esse
1804 2252 1911 2322 quarn
1927 2227 1965 2296 in
1986 2227 2111 2318 patria.

1117 2321 1171 2393 Ex
1192 2325 1257 2393 illo
1278 2325 1399 2396 littore
1422 2327 1509 2396 olim
1527 2325 1665 2400 Cimbri
1689 2344 1725 2401 et
1747 2327 1947 2414 Teutones,
1978 2329 2111 2399 deinde
2208 2395 2212 2414 ,

1118 2420 1265 2510 Gottbi,
1289 2424 1437 2514 Heruli,
1461 2427 1617 2502 Vandali
1631 2431 1751 2517 effusi,
1775 2431 2110 2526 quantasvastatio-

1116 2551 1177 2597 nes
1194 2529 1377 2601 iecerunt?
1411 2529 1482 2603 Sed
1498 2529 1693 2604 Ecclesiam
1710 2547 1745 2605 et
1760 2557 1826 2603 nos
1839 2535 1878 2604 in
1896 2557 1935 2603 ea
1952 2531 2026 2602 lilio
2043 2531 2109 2604 Dei

1115 2634 1415 2706 commendemus.
1467 2631 1603 2706 illustri
1616 2633 1751 2708 Comiti
1763 2629 1941 2732 Adolplso
1956 2649 1990 2706 et
2007 2633 2112 2704 vobis

1115 2732 1285 2907 omrpippg
1297 2735 1446 2806 salutem
1462 2751 1558 2830 opto.
1608 2735 1706 2810 Bene
1724 2740 1812 2812 vale.
1864 2737 2032 2811 Calendis
2048 2734 2110 2808 lu-

1115 2858 1167 2903 ¹1¹¹
1289 2890 1297 2908 ι
1617 2936 1807 3038 Philippus
1827 2938 2057 3016 Melantbon.

1969 3133 2106 3152 m

1131 3255 1198 3328 No.
1217 3257 1331 3332 6768.

1118 3353 1333 3396 m
1786 3274 1819 3342 a.
1842 3269 1912 3338 n...
1939 3273 1988 3354 (t.
2010 3271 2082 3356 aa)

1750 3367 2110 3414 κ-ν--ο

1408 3449 1503 3535 mr.
1533 3451 1818 3572 Mondaiaen.

1215 3603 1302 3676 Epist.
1319 3604 1368 3664 lib.
1384 3606 1420 3662 V.
1439 3625 1468 3680 p.
1480 3608 1582 3681 201⁸sp

1386 3739 1556 3816 Ulrico
1582 3741 1840 3822 Mordisin.

1113 3861 1163 3950 S.
1191 3873 1237 3952 D.
1288 3875 1494 3950 Clarissima
1525 3879 1603 3968 vir,
1636 3895 1671 3953 et
1704 3881 1860 3956 Patrone
1891 3879 2109 3962 charissime.

1112 3975 1160 4050 Et
1182 3975 1272 4049 mihi
1289 3993 1323 4051 et
1340 3981 1445 4051 nobis
1459 3981 1628 4054 omnibus
1650 3985 1870 4074 gratissimus
1890 3987 1959 4059 suit
1973 3989 2107 4060 adven·

1114 4097 1170 4151 tus
1184 4083 1228 4152 ad
1246 4107 1312 4152 mss
1326 4082 1393 4152 viri
1408 4083 1550 4159 doctiss.
1566 4077 1723 4180 Georgii
1732 4081 1919 4160 Fabricii.
1948 4089 2108 4162 Maxime

1114 4183 1207 4254 euim
1225 4197 1330 4276 opto,
1356 4185 1513 4278 conspici
1531 4189 1821 4262 corriuuctionem
1844 4193 2005 4262 omnium
2024 4217 2106 4261 eru·

1113 4287 1270 4357 «litorum
1294 4287 1331 4354 in
1355 4281 1420 4357 bac
1442 4289 1589 4364 ditione.
1642 4291 1694 4362 Ac
1718 4294 1811 4378 scio,
1834 4291 1902 4362 Dei
1922 4294 2108 4376 beneficio,

1113 4387 1150 4456 in
1168 4383 1273 4459 buius
1287 4389 1436 4459 ditionis
1446 4387 1616 4462 Ecclesiis
1631 4407 1664 4463 et
1680 4389 1883 4464 Acerdemiis
1903 4410 1936 4468 et
1961 4395 2000 4463 iu
2016 4394 2106 4464 vici-

1114 4489 1172 4560 uia
1188 4489 1351 4561 omnium
1368 4493 1601 4580 eruditorum,
1619 4507 1654 4566 et
1669 4519 1879 4565 consensum
1895 4510 1927 4566 et
1944 4509 2106 4566 mutuam

1112 4591 1397 4664 benevolentiam
1423 4617 1497 4666 esse
1519 4596 1691 4668 sinceram
1717 4612 1750 4668 et
1764 4597 1841 4670 aine
1856 4597 1951 4670 iuro.
2001 4597 2109 4672 llleus

1111 4717 1219 4786 gener
1246 4695 1411 4781 tratrem,
1443 4697 1668 4788 ingeniosum
1698 4699 1976 4782 adolescentem,
2009 4693 2106 4772 Gre-

1034 4881 1044 4904 ·
1109 4793 1259 4890 gotium
1292 4821 1359 4890 pro
1390 4799 1520 4871 usitata
1554 4797 1702 4894 pecunia
1734 4801 1844 4894 recipi
1869 4801 1909 4872 iu
1934 4798 2104 4874 Scholam

1111 4897 1340 4994 Mysuensem
1363 4914 1455 4972 orat.
1504 4899 1545 4972 ld
1568 4901 1599 4971 ai
1622 4901 1699 4972 beri
1720 4917 1851 4996 potest,
1885 4927 2035 4998 quaeso,
2063 4919 2104 4976 ut

1110 5001 1253 5072 accedat
1275 5003 1448 5075 autoritas
1464 5015 1599 5086 vestra,
1620 5003 1704 5098 quia
1721 5018 1848 5076 natura
1868 5005 2105 5078 adolescentis

1110 5115 1145 5172 et
1177 5104 1361 5174 doctrinae
1388 5127 1495 5196 capax
1526 5119 1597 5190 est,
1630 5107 1737 5176 etad
1767 5107 1935 5179 virtutem
1962 5108 2105 5185 idonea.

1111 5201 1206 5275 Bene
1223 5219 1257 5276 et
1274 5206 1425 5276 feliciter
1440 5205 1564 5278 valete.
1615 5205 1682 5278 Dte.
1698 5201 1732 5280 5.
1753 5207 1862 5282 lunii.

1611 5303 1801 5406 Philippus
1823 5305 2052 5390 Matantbon.

1144 5483 1172 5554 1>
1190 5481 1255 5537 Vid.
1269 5481 1354 5555 epti.
1371 5483 1413 5539 ts.
1428 5481 1510 5538 Maii.

1139 5567 1170 5640 Ι)
1189 5567 1326 5628 sumo·
1340 5565 1526 5626 uictuma.
