4738 6186
122 337 202 416 677
697 321 1133 402 uetsronattuut
1183 321 1292 401 LIB.
1319 321 1420 402 XIII.
1473 321 1605 404 1558.
2082 337 2157 414 678

125 513 298 586 lustribns
314 506 482 601 exemplis
504 501 780 593 coniungerent,
806 495 1018 572 ethomines
1039 521 1121 592 per·
1170 498 1305 584 reddit,
1337 497 1477 570 omissis
1503 499 1682 572 interdum
1704 497 1887 596 epithetis,
1919 531 2009 604 quae
2030 515 2159 589 obscu-

123 617 330 690 terreIactos
357 608 532 682 mirandis
564 607 679 677 ruinis
700 602 900 697 potentium
923 599 1063 692 Regum
1086 614 1122 672 et
1168 603 1307 674 ritatem
1325 601 1364 670 in
1379 601 1488 672 latina
1506 603 1658 676 lectione
1675 605 1825 680 allatura
1842 595 1954 683 eraut.

121 719 333 810 Principum
353 717 397 784 ad
406 709 584 784 ¹iustitiam
602 723 636 780 et
653 707 862 780 modestiam
879 705 1073 778 flecterent.
1269 698 1346 774 Etsi
1361 718 1478 775 autem
1495 699 1562 776 hae
1577 721 1699 778 tenues
1714 711 1870 801 pagellae
1887 738 1962 785 non
1977 729 2060 788 suut
2075 743 2155 792 mu-

228 818 422 909 Virgilius‚
453 813 575 908 paucis
607 811 725 882 verbis
753 807 916 892 mutatis,
950 807 1077 878 sumsit
1097 831 1118 878 a
1166 827 1235 876 nus
1251 807 1466 877 couveniens
1480 821 1576 879 tanta
1592 810 1683 898 viro,
1709 813 1766 881 cui
1783 829 1929 906 propter
1942 819 2153 910 sapientiam

122 923 283 996 Pindaro
305 919 538 1000 sententiam,
563 937 655 1008 quae
676 927 728 988 est
751 911 849 984 velut
868 922 1116 1000 argumentum
1165 921 1200 980 et
1213 908 1380 980 virtutem
1397 923 1533 1001 partem
1547 909 1816 1002 gubernationis
1833 915 1949 1009 Reges
1961 935 1994 990 et
2010 919 2153 995 Primi.

119 1014 654 1098 uuiversaemundihistoriaes
1165 1033 1224 1102 pes
1255 1013 1436 1083 tribuum:
1474 1026 1613 1099 gamen,
1653 1039 1734 1086 cum
1763 1018 1909 1111 scirem,
1943 1035 1977 1094 te
2002 1037 2037 1094 et
2058 1026 2152 1100 inter

207 1132 323 1197 Discite
337 1134 484 1194 iustitia-
501 1129 630 1205 moniti,
658 1135 689 1187 et
704 1143 768 1186 non
784 1135 917 1185 temnere
932 1121 1029 1184 divos.
1164 1128 1317 1185 caeteras
1339 1137 1395 1184 res
1419 1115 1513 1186 vitae
1535 1119 1767 1204 necessarias,
1800 1126 1948 1193 tuendas
1972 1127 2149 1216 guberna-

119 1229 227 1302 Hauc
251 1225 372 1300 vocem
401 1227 450 1296 ait
471 1223 650 1294 Pindarus
671 1219 812 1290 assiduo
835 1219 988 1288 clamore
1013 1239 1115 1306 repe-
1164 1216 1250 1300 tori,
1270 1217 1375 1287 etiam
1393 1218 1579 1308 complecti
1596 1245 1717 1291 euram
1732 1229 1967 1296 conservandi
1980 1227 2099 1302 literas
2114 1248 2149 1309 et

122 1349 199 1405 tere
223 1345 410 1402 cruentum
430 1327 589 1398 Ixionem
613 1325 652 1393 in
674 1336 751 1393 rota
773 1322 965 1412 iacentem,
990 1334 1031 1391 ut
1055 1342 1115 1388 ex·
1162 1317 1357 1404 doctrinas,
1378 1335 1565 1412 quaesunt
1580 1323 1682 1393 nervi
1698 1325 1834 1415 legum,
1856 1328 2059 1418 religionis,
2074 1336 2148 1406 dis.

124 1437 244 1527 cmplo
268 1457 350 1506 suae
374 1453 509 1524 poenae
528 1429 665 1498 discant
688 1419 871 1502 homines,
897 1445 971 1492 esse
992 1421 1114 1514 provi-
1162 1419 1314 1512 cipliuae
1329 1435 1363 1494 et
1374 1423 1566 1494 multarum
1583 1425 1734 1512 artium,
1761 1452 1852 1520 quae
1872 1431 1966 1500 vitae
1990 1457 2148 1508 necessa.

122 1540 282 1611 dentiam
304 1535 484 1606 vindicem
507 1555 547 1602 ac
568 1528 774 1623 punientem
798 1525 945 1610 scelera;
970 1549 1036 1594 nec
1059 1523 1113 1592 la·
1161 1520 1233 1592 riae
1256 1538 1355 1595 stant:
1382 1525 1519 1616 speravi
1541 1527 1607 1596 tibi
1631 1553 1705 1597 uon
1726 1530 1903 1619 ingratum
1926 1535 2021 1622 sore,
2045 1539 2076 1606 si
2094 1543 2147 1612 tui

117 1656 206 1715 rent
229 1641 329 1711 irena
353 1637 464 1708 caecis
483 1647 518 1706 et
538 1631 740 1703 errantibus
754 1628 1026 1720 cupiditatibus,
1051 1625 1110 1696 sed
1161 1625 1318 1694 u'omiuis
1333 1628 1466 1697 mentio
1485 1627 1523 1696 in
1537 1622 1603 1700 hac
1619 1631 1774 1700 editione
1799 1631 1915 1722 lieret,
1928 1619 2166 1726 praesertim

123 1767 264 1836 semper
279 1744 486 1812 intueantur
500 1737 674 1807 lucentem
693 1732 732 1801 iu
747 1731 928 1800 mentibus
945 1729 1112 1798 noticiam
1160 1749 1240 1796 cum
1255 1729 1413 1800 erarditae
1436 1729 1656 1824 antiquitatis
1678 1747 1712 1804 et
1733 1746 1891 1804 veterum
1905 1733 2145 1814 ,historiarum

118 1848 294 1920 divinitus
314 1863 514 1926 accensam,
540 1859 628 1932 quae
649 1833 821 1906 disceruit
840 1833 930 1902 iusta
956 1846 990 1903 et
1015 1831 1112 1901 iuiu-
1160 1830 1362 1918 cognitione
1384 1832 1537 1902 maxime
1561 1834 1753 1906 delecteris.
1813 1833 1937 1931 Teque
1963 1865 2069 1934 rogo,
2104 1861 2146 1918 ut

117 1965 192 2036 sta,
216 1962 250 2020 et
266 1945 485 2021 severissime
499 1938 670 2034 praecipit
684 1937 775 2006 iusta
792 1947 826 2006 et
840 1927 1008 2026 prohibet
1022 1957 1112 2003 con·
1159 1925 1251 2002 banc
1275 1935 1566 2022 significationem
1587 1938 1658 2006 mei
1681 1961 1761 2027 erga
1781 1951 1815 2007 te
1832 1943 1940 2010 studii
1957 1945 2042 2015 boni
2059 1917 2146 2020 con*-

113 2053 237 2126 traria.
1158 2034 1263 2108 sulas.
1316 2035 1354 2105 Id
1379 2037 1506 2104 sinon
1532 2053 1714 2110 merentur
1737 2033 1803 2109 hae
1824 2045 2001 2134 pagellae,
2025 2061 2145 2122 tamen

223 2150 371 2242 Aliquid
387 2149 425 2216 in
442 2145 580 2216 naturis
596 2167 669 2213 uon
685 2139 895 2212 monstrosis
906 2137 1110 2208 conducunt
1157 2133 1306 2206 Pindari
1328 2135 1469 2206 nomini
1493 2139 1660 2226 tribuito,
1693 2166 1798 2235 quem
1825 2144 1984 2217 iuniores
2005 2153 2145 2226 avidius

119 2257 165 2326 ad
184 2253 354 2342 regendos
377 2271 493 2318 mores
510 2247 631 2316 crebra
647 2244 811 2334 cogitatio
828 2244 871 2313 de
887 2241 1035 2324 virtute,
1057 2238 1109 2306 le-
1157 2238 1293 2327 legent,
1325 2240 1518 2328 cogitantes
1542 2235 1638 2312 bunc
1659 2257 1812 2312 veterem
1837 2249 2045 2341 scriptorem
2068 2281 2086 2326 a
2111 2271 2146 2328 te

119 2360 190 2428 ctio
211 2370 244 2424 et
267 2351 503 2424 consideratio
529 2347 770 2439 exemplorum
797 2359 830 2414 et
847 2343 1030 2432 diligentia
1049 2363 1108 2409 ex·
1156 2365 1299 2434 quoque
1314 2344 1432 2432 magui
1448 2343 1536 2416 fieri.
1587 2341 1789 2418 Beuevale.

118 2461 225 2531 citata
258 2455 411 2524 lectione
444 2465 477 2522 et
498 2475 583 2520 voce
611 2449 829 2542 sapientum,
866 2442 1108 2515 adsuefaciens

117 2563 257 2634 animos
273 2559 316 2626 ad
340 2577 461 2625 curam
484 2553 648 2622 frenandi
672 2551 923 2618 immoderatos
944 2547 1107 2636 impetus.
1156 2569 2146 2602 -···-------·--·--·--.........,

116 2663 166 2736 Et
189 2660 300 2747 magis
329 2669 515 2747 penetrant
543 2655 581 2722 in
614 2654 753 2722 artimus
783 2652 865 2719 talia
896 2650 1043 2740 scripta,
1067 2647 1105 2715 iu
1817 2669 1826 2680 ·

115 2767 248 2862 quibus
265 2758 468 2830 dulcissime
490 2757 599 2827 mixta
622 2769 704 2826 suut
728 2749 885 2822 historiis
906 2763 1106 2843 praccepta:

115 2869 213 2966 quod
232 2890 311 2936 cum
327 2863 364 2930 iu
374 2858 573 2930 Pindaricis
588 2857 805 2927 carminibus
821 2853 1106 2947 splendidissime
1310 2923 1317 2942 ⁸
1491 2925 1499 2943 .

114 2989 150 3044 et
176 2963 384 3039 suavissime
405 2962 483 3040 liat,
509 2956 602 3028 nihil
625 2960 775 3029 dubium
801 2973 873 3040 est,
905 2979 1028 3025 cortem
1053 2952 1105 3022 Ie·
1255 2919 1393 3005 Pwutt
1422 2914 1695 3006 Mtt'attdttla
1723 2916 1790 3002 ad
1816 2919 2041 3011 Mulanlh.

1152 2692 1347 2843 Q
1940 2736 2015 2812 (1100
2029 2741 2136 2822 anno.)

1924 2824 2136 2869 ,Ν

116 3075 271 3146 epponem
287 3067 392 3138 bonis
410 3062 546 3133 naturis
562 3062 664 3130 valde
681 3063 857 3152 prodesse.
1192 3105 1194 3114 ’
1223 3064 1321 3158 selges.
1336 3098 1414 3168 epist.
1427 3117 1455 3218 p.
1471 3099 1522 3150 eoo
1536 3115 1577 3168 sq.
1610 3083 1699 3164 'Epist
1714 3097 1760 3150 fib·
1777 3095 1796 3150 l·
1815 3119 1841 3171 p.
1858 3099 1910 3154 480
1922 3121 1963 3172 *ῆι
1984 3105 2041 3168 (ed.
2057 3105 2143 3168 Lond.

241 3184 345 3248 lllultu
367 3179 529 3246 Diiououm
552 3177 633 3241 levat
656 3195 733 3238 aura
758 3193 907 3257 cygnum,
1255 3164 1333 3222 tun.
1352 3169 1422 3238 ep.t
1444 3167 1491 3234 5.).
1573 3191 1577 3196 -

241 3269 353 3333 Tendit
376 3265 489 3330 Antoni
512 3266 628 3345 quoties
651 3263 683 3325 iu
705 3263 787 3326 altos

134 3405 138 3415 .
240 3356 374 3422 Notium
394 3361 526 3416 trectnss
1151 3319 1350 3418 Epistolae
1380 3323 1610 3395 contrariae:
1652 3350 1728 3394 uno
1753 3319 1856 3398 Pici
1875 3353 1944 3428 pro
1968 3329 2142 3412 bochoris

110 3465 231 3560 iuquit
253 3461 446 3544 Horatius,
472 3456 568 3550 quod
589 3451 812 3522 verissimum
834 3468 930 3530 esse,
957 3445 1105 3518 lectores
1150 3420 1416 3522 Philosophi&
1434 3424 1554 3496 ttllera
1570 3425 2144 3530 prvHeruotaoBarsaro,

111 3569 414 3642 animadvertent,
449 3577 529 3628 mm
561 3554 734 3625 videbunt
761 3549 957 3620 Pindarum
988 3559 1103 3616 sumta
1149 3531 1289 3626 “sipla
1315 3553 1339 3598 a
1364 3523 1546 3626 Philippo
1568 3523 1834 3618 Melanthum,
1876 3557 1970 3630 quae
1993 3563 2143 3636 respou-

111 3671 298 3742 occasioue
320 3689 361 3736 ex
383 3663 482 3734 urbis
502 3671 564 3729 aut
587 3657 741 3728 lautitiae
773 3650 924 3722 alicuius
954 3649 1104 3738 origine,
1504 3625 1583 3716 ¹dal
1611 3625 1671 3700 Pi
1678 3653 1738 3704 co.

110 3773 238 3846 relicto
252 3767 380 3841 ltomili
395 3773 617 3854 sagramento,
639 3759 736 3828 velut
750 3753 949 3825 evolantem
964 3750 1003 3819 in
1014 3751 1099 3820 sub-
1449 3793 1455 3802 .
1625 3779 1669 3858 A·

110 3879 235 3947 limem
247 3865 457 3943 'aetheream
477 3862 678 3955 regionem,
704 3855 896 3930 laetissimo
919 3867 1025 3926 centu
1042 3877 1101 3924 ve·
1478 3904 1492 3933 ,
1684 3919 1690 3936 Ι

109 3969 609 4051 tereshistoriascelebrare..
1149 3913 1395 4022 [Phannis
1433 3911 1577 3988 P¹WS
1611 3913 1909 3992 Mirandum
1950 3923 2140 4006 [lermo-
2173 3937 2181 3962 ’

1358 4017 1436 4092 loo
1461 4015 1686 4114 Borboro
1711 4047 1797 4110 suo,
1829 4023 1865 4097 S.
1892 4025 1937 4102 D,

145 4119 161 4136 '⁸
216 4091 328 4182 Saepe
351 4088 462 4179 igitur
486 4085 652 4154 Iuventus
672 4072 770 4149 huuc
783 4095 944 4171 cygnum
969 4070 1101 4144 audiat.
1343 4135 1348 4143 ⁴

111 4201 226 4290 Saepe
244 4195 335 4284 legat
351 4193 431 4260 eius
449 4175 651 4256 dulcissima
673 4179 847 4261 carmina,
871 4199 960 4271 quae
984 4173 1102 4244 omui·
1149 4151 1233 4251 Ego
1251 4157 1413 4253 quidem,
1435 4155 1486 4226 mi
1503 4153 1724 4244 Hsrmuloe',
1750 4183 1815 4232 nec
1837 4187 1978 4254 possum
2000 4185 2061 4241 aut
2085 4187 2138 4244 ta-

111 4305 181 4382 bus
212 4295 432 4387 temporibus
464 4287 661 4378 gratissima
692 4281 912 4373 sapientibus
945 4279 1102 4350 luerunt.
1149 4286 1228 4334 cere
1243 4285 1332 4354 quae
1349 4261 1394 4330 de
1411 4273 1445 4330 te
1461 4259 1593 4344 sentio,
1619 4273 1768 4332 autnon
1788 4267 1917 4334 sentire
1933 4293 2074 4363 eaquae
2093 4277 2136 4344 de

112 4401 317 4474 Alexander
349 4395 500 4466 Macedo
533 4389 737 4458 vulneratus
774 4383 919 4474 agnovit
950 4379 1100 4448 militem
1149 4367 1213 4435 illo
1231 4366 1400 4453 debeant,
1428 4362 1465 4430 ln
1484 4365 1689 4454 quaomnia
1707 4366 1816 4436 veluti
1839 4368 1977 4458 singula
2001 4397 2137 4448 summa

110 4501 330 4578 Thebanum
353 4521 444 4576 esse,
471 4491 532 4586 qui
548 4489 672 4581 procul
689 4509 816 4576 magno
832 4485 984 4554 clamore
1003 4480 1101 4574 quasi
1149 4466 1384 4560 reperiantur.
1433 4461 1504 4535 Sed
1522 4464 1659 4535 utinam
1676 4481 1766 4536 esset
1781 4469 1811 4536 is
1826 4494 1921 4538 aneae
1937 4475 2065 4544 mentis
2078 4503 2137 4548 ca.

110 4606 359 4680 consolaturus
375 4603 490 4687 regem
513 4589 763 4683 pronunciavit
787 4611 926 4656 versum
945 4583 1102 4667 Pindari,
1150 4585 1248 4665 ptos,
1274 4582 1315 4638 ut
1337 4591 1403 4658 pro
1424 4566 1562 4636 meritis
1584 4567 1657 4638 tuis
1679 4569 1722 4637 de
1741 4571 1969 4658 teseutirem;
1996 4579 2133 4650 utinam

119 4697 392 4798 lsss'ovau‘aleedl
413 4697 553 4771 anessa
576 4691 703 4764 ἔοικεν.
752 4688 834 4760 Nec·
847 4687 1001 4757 arbitror
1022 4699 1102 4755 tau·
1149 4697 1190 4744 ea
1211 4669 1354 4742 dicendi
1378 4668 1452 4753 vis,
1483 4681 1524 4739 ut
1551 4669 1746 4760 exprimere
1774 4671 1967 4764 aliquando
1995 4703 2133 4772 possem

107 4743 186 4886 lum
209 4819 298 4880 sobo
320 4819 457 4876 motum
479 4821 552 4869 esse
568 4793 827 4874 Alexandrum,
861 4789 923 4882 qui
944 4785 1102 4857 Boeotiis
1150 4775 1246 4870 quod
1264 4795 1402 4864 semper
1423 4771 1556 4854 sentio,
1585 4771 1657 4840 scio
1673 4793 1762 4864 quae
1776 4775 1820 4842 de
1837 4787 1870 4843 te
1884 4782 2047 4871 concepi,
2075 4785 2132 4852 in.

110 4910 313 4988 commuuis
335 4921 427 4987 erat,
460 4903 528 4973 sed·
544 4919 685 4968 versum
708 4895 882 4982 insignem
904 4890 1101 4978 agnovisse.
1148 4877 1292 4976 linitum
1321 4872 1503 4944 subsidere
1537 4871 1629 4940 inira
1664 4873 1801 4962 fastigia
1833 4877 2015 4951 doctrinae
2041 4896 2133 4973 tuae,

111 5020 184 5088 Noc
209 5013 374 5084 vetuisset
391 5003 555 5078 Pindari·
570 5002 716 5070 domum
740 4993 876 5066 destrui
903 4993 941 5059 in
965 4991 1100 5060 excidio
1149 4979 1237 5051 scias
1251 4991 1284 5048 et
1298 4991 1339 5048 tu
1355 4997 1585 5070 quaecunque
1601 4973 1805 5066 loquimur,
1831 4979 1969 5052 minora
1993 5008 2066 5054 esse
2089 4989 2133 5060 ii,

108 5117 340 5199 Thebarum,
364 5111 435 5182 nist
455 5100 669 5178 dulcissimis
690 5098 766 5168 eius
787 5093 926 5187 scriptis
949 5093 1102 5162 delecta·
1148 5103 1239 5178 quae
1263 5077 1499 5193 concipimqs,
1530 5087 1602 5144 tam
1628 5075 1745 5145 deesse
1765 5079 1854 5152 scias
1872 5083 1992 5154 auimo
2015 5091 2134 5173 verba,

109 5239 169 5294 tus
182 5233 281 5290 esset.
1148 5207 1255 5280 quam
1278 5181 1383 5252 rebus
1407 5198 1547 5246 animus
1568 5177 1675 5249 deest.
1726 5175 1774 5249 Et
1796 5193 1913 5251 tamen
1934 5185 1980 5256 ita
1997 5215 2053 5260 me
2067 5217 2131 5262 au-

215 5321 306 5392 Nota
331 5317 407 5386 siut
417 5313 526 5403 igitur
539 5323 574 5381 ct
591 5319 732 5378 nostrae
749 5297 938 5372 iuventuti.
991 5291 1043 5363 Ac
1062 5307 1101 5362 ut
1148 5290 1232 5357 dere
1248 5282 1381 5362 credis,
1401 5293 1441 5346 ut
1456 5300 1592 5367 sperem
1614 5299 1713 5367 posse
1728 5280 1860 5352 imitari
1878 5299 1955 5374 tua,
1980 5317 2132 5383 quorum

106 5455 128 5500 a
145 5425 310 5522 pluribus
326 5419 394 5509 legi
413 5433 446 5488 et
463 5412 613 5502 intelligi
630 5429 753 5500 graeca
772 5401 928 5495 possint,
952 5397 1100 5464 latinam
1149 5412 1213 5458 nec
1233 5380 1514 5469 magnitudinem
1538 5381 1725 5449 aestimare
1747 5406 1899 5472 possum.
1952 5391 2135 5466 Admimi

108 5523 442 5622 interpretationem
459 5516 575 5600 edidi,
600 5535 690 5608 quae
710 5521 889 5600 utcunque
910 5497 1100 5572 sententias
1148 5508 1184 5566 te
1217 5495 1365 5581 possunt
1397 5503 1540 5567 omnes,
1578 5481 1713 5552 imitari
1739 5498 1809 5558 tam
1843 5491 1946 5582 pauci
1977 5511 2136 5588 possunt,

1409 5577 1497 5656 48*
