4722 6198
107 299 111 304 ’
223 293 302 376 stt

802 285 1242 372 ltrts'ronantttt

221 469 416 599 Q.

1041 564 1214 594 W

355 673 524 760 Petrae
544 627 735 786 Martha·
757 669 823 756 od
846 629 1073 757 Meldntlr.

296 853 372 910 Edita
387 854 415 906 in
433 853 517 906 libror
541 849 607 905 Loci
626 867 787 932 communes
807 849 845 932 l)²
861 848 934 902 Petri
951 849 1079 932 Martyris
1095 847 1219 904 Vennilii
1243 905 1246 918 ¹

329 921 495 988 florentini,
516 937 655 974 sacrarum
677 919 817 972 literarum
837 937 866 971 ιιι
880 917 978 973 Schola
998 917 1132 990 'ligurina
1145 919 1218 974 Pro·

331 992 440 1048 sessoris
457 988 571 1060 (ligari
589 988 665 1043 15⁸7.
681 986 740 1057 iol.)
759 1008 785 1061 p.
805 988 879 1044 112⁰.

227 1147 368 1222 Pietme
403 1155 513 1246 atque
547 1141 714 1217 doctrino
748 1141 959 1216 clarissimo
993 1143 1089 1228 viro,
1124 1142 1222 1221 dom.

229 1249 457 1348 Philippo
490 1240 851 1336 Malancthonr',
886 1245 1038 1320 damino
1063 1271 1141 1318 meo
1164 1271 1222 1319 co-

610 1345 838 1433 lendissimo‚

898 1445 1150 1528 {sarmatiae

230 1597 330 1686 Cum
347 1621 380 1677 te
398 1605 605 1688 arbitrarer,
631 1602 688 1671 vir
705 1601 896 1670 clarissime
910 1617 1013 1696 atque
1033 1593 1121 1700 mihi
1144 1596 1224 1701 plu-

231 1715 364 1784 rimum
378 1707 608 1785 observande,
633 1703 755 1776 inisto
766 1699 1032 1772 Wormatiensi
1047 1719 1224 1802 conventu

230 1817 436 1908 plusquam
460 1809 529 1878 dici
556 1821 617 1876 aut
634 1807 728 1876 credi
755 1807 882 1898 possit,
909 1821 1117 1900 occupatum
1139 1809 1225 1890 line,

233 1932 272 1988 ut
297 1915 411 1984 literis
443 1908 530 1978 meis
559 1907 627 1978 tibi
652 1931 726 1976 non
760 1911 998 1999 olestreperem
1028 1911 1224 1978 carendum

231 2017 364 2090 censui.
416 2009 466 2084 At
485 2035 599 2092 nunc,
631 2009 675 2078 iis
691 2009 866 2102 cognitis,
899 2035 987 2104 quae
1011 2013 1225 2080 reseremlus

232 2133 353 2190 noster
371 2113 549 2185 Dominus
570 2105 820 2205 Bullingeros
844 2111 1135 2193 commtinicavit,
1162 2109 1225 2180 ad-

233 2221 318 2293 duci
335 2242 409 2288 uon
426 2215 544 2308 potui,
569 2227 643 2284 uta
664 2213 851 2284 scribendo
868 2209 958 2284 mihi
982 2201 1226 2304 temperarem.

234 2323 349 2392 Video
383 2319 461 2388 istic
492 2317 678 2400 accidisse,
709 2317 804 2412 quod
832 2316 870 2386 in
897 2312 1043 2412 Synodo
1070 2313 1226 2388 Nicaena

233 2425 320 2498 olirn
338 2421 497 2510 contigit,
522 2417 586 2488 ubi
603 2415 758 2512 episcopi
772 2417 834 2512 qui
851 2431 1102 2504 convenerant,
1123 2433 1227 2488 causa

187 2573 190 2580 ·
233 2551 345 2622 prope
360 2527 508 2606 deserta,
533 2544 623 2616 quae
640 2521 807 2592 adversus
822 2513 975 2590 Arianos
991 2521 1126 2610 agenda
1141 2533 1227 2599 erat,

234 2625 517 2700 accusationibus
543 2636 579 2693 et
602 2621 735 2692 libellis
764 2635 889 2692 mutuo
917 2645 990 2690 sese
1020 2622 1228 2714 proscinde-

233 2733 334 2802 bant.
369 2720 439 2797 Sed
456 2726 549 2796 iuter
564 2721 677 2794 nostri
692 2737 888 2795 conventus
904 2737 1072 2793 eteorum
1090 2721 1227 2818 Synodi

233 2832 408 2905 rationem
432 2823 500 2898 hoc
523 2827 689 2898 iuteresse
713 2849 840 2911 cerno,
867 2828 962 2918 quod
979 2825 1111 2896 Niceae
1127 2817 1228 2896 Con·

233 2919 424 3006 staulinus
439 2927 636 3022 lmperator
658 2925 738 3020 pius
762 2927 932 3020 praefuit,
955 2928 1018 3020 qui
1039 2926 1229 3012 levitatem,

236 3049 280 3106 ne
311 3029 498 3105 stultitiam
524 3029 692 3114 dixerim,
733 3029 1000 3121 imprudentum
1033 3025 1228 3120 Episcopo-

234 3162 314 3210 rum
333 3131 498 3226 repressit
513 3157 553 3204 ac
575 3133 613 3201 in
633 3129 748 3202 officio
767 3133 909 3200 tandem
931 3131 1125 3211 continuit,
1149 3131 1227 3198 istic

235 3265 320 3310 vero
347 3262 422 3306 non
449 3259 489 3304 ea
519 3235 661 3326 piorum
694 3231 898 3324 principum
927 3227 1122 3304 authoritas
1147 3232 1227 3312 fuit,

236 3365 326 3438 quae
349 3364 369 3409 a
392 3338 544 3407 discessu
572 3328 802 3430 ἅρτολάτρας
826 3329 1010 3424 theologos
1037 3335 1092 3404 vel
1117 3349 1228 3406 retar-

237 3449 321 3534 dare
337 3439 504 3533 potuerit.
556 3435 654 3508 Haec
675 3438 754 3504 ideo
771 3437 1062 3522 commemoravi,
1087 3450 1125 3506 ut
1140 3443 1225 3506 'cum

236 3541 329 3616 hanc
350 3552 536 3614 cernamus
555 3535 735 3612 Ecclesiae
756 3533 889 3633 Christi
913 3531 1041 3634 sortem
1068 3546 1160 3619 e'sse,
1188 3551 1229 3608 ut

237 3649 336 3717 intus
357 3658 393 3714 et
412 3656 510 3712 extra
530 3654 767 3733 expugnetur,
801 3630 894 3708 nihil
915 3634 1013 3709 novi
1026 3663 1120 3709 nunc
1136 3641 1226 3709 acci·

237 3749 330 3820 disse
345 3746 553 3836 cogitemus:
578 3767 649 3836 quo
665 3765 792 3830 genere
813 3741 1081 3832 consolationis,
1109 3739 1174 3812 elsi
1195 3755 1227 3810 te

237 3865 420 3920 strenuum
436 3845 613 3914 bellorum
625 3843 763 3912 domini
781 3837 1148 3940 odroapeircupoopus
1164 3839 1228 3912 ha-

236 3954 319 4022 bere
333 3971 409 4020 nou
424 3946 603 4016 existimo:
628 3945 717 4016 illud
738 3958 855 4014 tamen
871 3946 1163 4029 commemorari,
1188 3957 1229 4014 ut

236 4047 328 4122 hanc
355 4052 464 4138 longo
498 4047 693 4132 intervallo⁸
720 4045 902 4140 repetitam
928 4064 961 4118 et
988 4061 1125 4143 tantum
1154 4070 1227 4114 non

236 4174 420 4246 perperam
435 4143 623 4218 hominum
639 4143 865 4241 quantumi-is
883 4149 1023 4242 piorum
1039 4148 1228 4252 iufirmita-

235 4271 306 4342 tem
321 4273 600 4326 commiserarer.

324 4439 383 4510 Tu
397 4437 544 4531 quidem
560 4451 598 4506 ut
615 4435 716 4529 probi
734 4439 799 4508 viri
817 4451 850 4508 et
867 4433 1087 4530 integerrimi
1104 4433 1228 4504 delen-

236 4539 325 4610 soris
359 4539 547 4634 aequitatis
579 4537 694 4610 officio
728 4543 870 4612 iunctus
902 4563 954 4608 es:
990 4537 1037 4606 ita
1066 4540 1226 4607 nostrum

235 4642 397 4710 omnium
423 4641 561 4709 animos
585 4641 649 4712 tibi
675 4643 820 4712 mirilice
839 4637 1052 4721 devinxisti,
1086 4639 1147 4732 qui
1169 4661 1228 4707 eos
1298 4687 1308 4706 .

235 4738 307 4811 non
333 4763 484 4836 aequum
508 4741 648 4814 duxeris
677 4745 870 4836 proscribi,
903 4737 967 4836 qui
995 4762 1110 4842 neque
1137 4739 1228 4807 male

233 4843 352 4914 meriti
370 4845 414 4912 de
428 4843 598 4932 religione
613 4847 764 4926 suerint,
791 4868 906 4938 neque
922 4841 1030 4912 modo
1051 4850 1113 4911 aut
1130 4841 1227 4910 citatr
1317 4892 1326 4910 .

234 4961 295 5017 ιιιιῑ
309 4945 423 5020 auditi
438 4957 519 5015 srrnt
534 4943 573 5014 iu
590 4961 704 5018 vestro
721 4947 876 5016 iudicio·
902 4940 1127 5013 Conscientia
1144 4942 1225 5036 qui·
1277 4905 1447 4998 nimiam
1461 4885 1515 4988 ²)’
1541 4917 1580 4963 ¹¹¹
1605 4897 1736 4988 ‘inum‘
1758 4899 2024 4982 ³ffi¹¹¹¹³b³¹¹¹fs
2051 4905 2178 4990 P³¹¹⁰f¹¹
2200 4909 2265 4960 ⁰⁰⁰⁰

233 5051 313 5116 dem
330 5047 434 5118 nobis
451 5069 578 5136 magno
598 5050 723 5119 solatio
744 5059 813 5126 est,
841 5043 900 5114 sed
921 5065 1019 5113 nune
1044 5067 1086 5112 eo
1102 5067 1228 5114 cumu-

234 5149 340 5220 latius
363 5151 573 5238 gaudemus,
599 5153 694 5244 qnod
721 5173 784 5240 per
800 5160 834 5216 te
856 5146 1086 5237 praecipuum
1106 5168 1146 5214 ac
1164 5147 1227 5214 be-

231 5249 379 5340 nignum
408 5265 597 5342 patronum
619 5249 715 5325 Dens
746 5248 961 5343 providerit,
995 5260 1101 5316 utne
1124 5269 1226 5358 carpo

229 5363 368 5435 nostra,
400 5377 505 5445 quam
529 5353 741 5422 confidimus
764 5374 838 5418 nou
860 5371 936 5418 esse
958 5347 1110 5432 malam,
1133 5373 1225 5420 nora

229 5467 263 5522 et
286 5453 443 5524 inaudita
466 5454 590 5524 iudicii
609 5453 722 5522 lorma
748 5454 988 5524 damnaretur.
1040 5446 1160 5538 Quam
1180 5451 1226 5518 ob

1292 293 1402 376 LIB.
1428 295 1530 376 Xlll.
1583 297 1724 380 istra
2122 330 2128 336 ·
2177 315 2237 388 att

1052 481 1112 542 20.
1130 469 1206 540 Oet.
1238 463 1248 516 ¹
1266 469 1425 544 re'rntibi
1441 486 1592 566 quantas
1608 497 1751 566 possum
1766 476 1984 567 gratiasago,
2005 475 2161 552 et-Deum
2176 509 2237 566 oro,

1267 589 1402 665 patrem
1431 576 1570 646 domini
1597 577 1709 647 nostri
1734 577 1815 648 lesu
1828 575 1982 665 Christi,
2016 586 2135 654 uttuis
2152 602 2238 678 atque

1269 677 1481 767 colleganum
1503 679 1690 750 conatibus
1708 693 1848 772 optatos
1870 685 1928 752 det
1945 705 2134 766 successus,
2159 693 2239 780 quod

1267 780 1364 859 sore,
1398 794 1480 851 utut
1506 782 1560 850 illi
1587 782 1829 868 discesserint,
1861 784 1924 876 qui
1957 808 2022 854 nos
2050 791 2241 877 proscriptos

1270 882 1477 974 cupiebant,
1508 907 1583 953 non
1607 885 1774 976 despero,
1807 884 1976 978 qnoniam
1994 883 2060 956 Dei
2083 889 2242 972 beneficio,

1271 985 1572 1076 quemadmodrun
1596 984 1774 1056 Pindarus
1796 987 1935 1080 iuquit,
1961 985 2090 1060 πολλαὶ
2114 985 2151 1062 δὲ·
2175 987 2242 1064 etot

1271 1079 1343 1167 asir
1363 1085 1466 1166 θεοῖς
1482 1081 1686 1184 εὐπραγίας
1699 1081 1751 1183 *).
1823 1101 1826 1111 “

1374 1200 1507 1274 Verum
1524 1226 1604 1273 cum
1622 1205 1688 1276 tibi
1705 1201 1773 1277 hoc
1788 1219 1943 1299 terrrpore
1962 1209 2085 1298 longas
2099 1209 2242 1302 epistolas

1272 1305 1386 1395 legere
1402 1306 1509 1376 sciam
1526 1329 1601 1376 non
1619 1329 1757 1388 vacare,
1785 1309 1886 1400 plura
1904 1333 1979 1379 non
1996 1309 2155 1381 scribam.
2184 1311 2243 1380 Ga·

1273 1431 1399 1476 nerum
1418 1421 1521 1478 tuum
1545 1401 1759 1495 Paucorum,
1792 1414 1910 1481 virum
1934 1411 2064 1502 pietate
2078 1425 2178 1505 atque
2192 1415 2243 1482 do-

1273 1509 1385 1578 ctrina
1407 1509 1661 1595 clarissimum,
1700 1535 1860 1584 necnon
1886 1505 2052 1583 Paulum
2073 1511 2243 1599 Hebcrum,

1273 1610 1459 1700 insigniter
1474 1611 1573 1704 pium
1587 1625 1692 1705 atque
1709 1615 1852 1684 doctum
1869 1609 2065 1702 hominem,
2086 1639 2105 1686 a
2121 1639 2175 1686 me
2189 1616 2243 1686 sal-

1274 1714 1485 1816 verecupio.
1538 1711 1745 1804 Tigurizssg
1763 1709 1846 1790 Oet,
1867 1712 2008 1790 1557.·'··
2067 1738 2109 1770 ι.

1374 1829 1472 1901 Dens
1490 1847 1533 1902 te‘
1546 1833 1651 1902 nubis
1667 1845 1772 1928 atquc
1793 1850 1930 1905 sanctae
1944 1831 2080 1907 Christi
2096 1831 2238 1907 Ecclesiae

1275 1955 1380 2026 qnam
1404 1933 1605 2006 diutissime
1625 1937 1839 2006 incolumem
1863 1953 1989 2008 servet.
2043 1937 2073 2004 V
2080 1943 2131 2008 ale
2152 1939 2240 2030 itaque

1275 2057 1315 2102 ac
1331 2059 1387 2102 me
1403 2035 1441 2104 in
1461 2027 1605 2108 Christo
1624 2062 1723 2124 ama,
1748 2041 1829 2132 quia
1846 2061 1908 2132 ego
1930 2042 1967 2109 in
1984 2043 2111 2112 eodem
2135 2055 2166 2111 te
2185 2042 2246 2132 plu·
2317 2102 2318 2130 ,

1276 2135 1484 2207 mmrffldo

1741 2213 1743 2222 ,
1803 2245 1806 2258 '
1837 2268 1845 2350 ⁸.
1867 2235 2025 2338 (Pelius
2040 2239 2209 2338 Martyr.)

1282 2454 1332 2470 ⁸⁶¹*
2074 2459 2250 2480 ..μ-...Μ

2120 2627 2168 2688 21.
2187 2613 2246 2678 Oc.

2110 2705 2250 2736 w

1414 2807 1797 2923 Hardendergios
1817 2813 1884 2898 ud
1906 2813 2140 2904 Metaon.

1347 2951 1826 3126 ιξιιέἓιοξηριοιιιιιωιῃιι
1850 2991 1879 3095 ιι
1906 2985 1973 3098 ⁰9³3.
1996 2993 2081 3099 can.
2100 2991 2154 3049 us.
2176 2991 2200 3046 u
2213 2987 2244 3043 n.

1278 3201 1505 3296 Clarissimo
1538 3215 1617 3291 viro
1648 3213 1779 3290 Dmno
1811 3215 2049 3320 Philippo
2084 3213 2141 3294 M
2145 3216 2243 3292 elot-

1278 3309 1432 3403 thoni,
1464 3311 1677 3418 Professen'
1700 3319 1741 3390 in
1767 3319 1908 3417 inclyta
1934 3321 2142 3408 Academia
2166 3314 2247 3394 th·

1653 3421 1899 3519 tenbergcnsi,
2107 3445 2131 3508 ,’

1799 3543 1820 3610 ’,
1855 3541 1895 3608 ”,
1968 3523 2216 3607 Wurmotiut.

1280 3655 1326 3744 S·
1351 3663 1398 3746 Il.
1434 3666 1644 3744 Reverende
1660 3673 1818 3758 domine.
1854 3674 1942 3748 Sum
1959 3679 2006 3747 de
2023 3676 2150 3746 vestris
2165 3661 2257 3757 istie)

1277 3775 1384 3844 rebus
1407 3775 1511 3843 valde
1538 3775 1728 3861 sollicitus,
1755 3791 1831 3878 term
1857 3781 1955 3870 qnod
1981 3779 2129 3848 audiam
2149 3767 2256 3866 poudl·

1278 3875 1375 3946 ficies
1404 3876 1483 3946 istic
1511 3899 1585 3946 esse
1614 3879 1784 3968 plurimos
1809 3903 1939 3970 eosque
1971 3877 2258 3952 venenatissimus,

1278 3991 1354 4048 tum
1370 4001 1454 4047 vero
1469 3981 1565 4070 quod
1580 4003 1653 4048 ιιοιι
1668 3981 1819 4052 ιιίιιιῐιιιιι
1835 3983 1947 4050 solida
1966 3983 2058 4052 fides
2069 3983 2115 4051 sit
2131 3981 2167 4050 in
2183 3973 2259 4046 mul·

1279 4077 1343 4164 tis,
1375 4079 1438 4171 qui
1460 4093 1575 4168 partes
1598 4096 1730 4151 vestras
1761 4083 1882 4152 iuvare
1907 4084 2126 4156 debuerant.
2174 4077 2258 4162 Rogo

1279 4193 1376 4251 tuam
1393 4181 1580 4272 pietatem,
1602 4186 1653 4252 uti
1671 4184 1866 4273 dignemini
1881 4185 2024 4278 aliquid
2049 4187 2095 4254 ad
2117 4203 2172 4250 me
2191 4175 2260 4248 terl-

1278 4282 1363 4352 bere
1393 4305 1457 4373 per
1481 4305 1542 4358 ves
1568 4287 1632 4357 vel'
1647 4281 2003 4366 Ederuninostmm
2029 4283 2259 4374 delegatione

1278 4396 1482 4452 nostrorum
1524 4380 1711 4456 hominnm
1752 4391 1796 4458 ad
1845 4383 2069 4458 cdnventum
2113 4401 2262 4455 vestrum.

1278 4479 1384 4556 Certo
1410 4485 1505 4554 enim
1527 4481 1592 4558 hic'
1607 4479 1820 4574 affirmatur,
1847 4487 2205 4560 eam'confessionem
2219 4476 2262 4550 vel

1278 4587 1447 4657 articulos
1469 4589 1568 4674 illos,
1600 4615 1690 4686 quos
1714 4592 1853 4662 iuvenis
1879 4592 1940 4660 ille
1962 4588 2048 4685 (qui
2072 4615 2110 4662 se
2133 4597 2264 4660 secreta·

1277 4709 1371 4757 num
1400 4685 1629 4760 bremensem
1665 4690 1872 4788 affirmavit)
1905 4717 1984 4763 non
2020 4715 2098 4764 esse
2131 4689 2265 4762 eosdem.

1278 4812 1366 4884 qnos
1393 4792 1439 4860 ad
1472 4815 1536 4862 vus
1563 4792 1855 4885 Wittenbergam
1888 4796 2086 4886 praeterito
2117 4785 2264 4864 lanuario

1276 5017 1345 5064 nae
1366 5018 1440 5066 esse
1463 5019 1591 5088 corpus
1610 4995 1746 5072 Christi
1769 5000 1953 5072 essentiale
1987 4996 2071 5091 (bad
2100 4985 2265 5088 totfretlidl‘

1282 5142 1493 5160 -υ-ο--Δ-ι--ι-

1311 5235 1345 5305 ῗ)
1354 5235 1440 5319 ,ἓὶῠᾷι
1452 5198 1566 5310 όῑιηψι
1580 5237 1607 5310 8,
1628 5194 1670 5298 tt.
1706 5239 1797 5316 Volgo
1812 5238 1985 5316 adapertae,
2003 5242 2053 5298 sed
2068 5237 2217 5299 lloeclbius
2229 5249 2265 5286 ιι·

1346 5315 1434 5359 strtutt
1456 5303 1618 5380 ednpaytoc.

1314 5391 1342 5456 1)
1362 5388 1446 5464 Cypr.
1464 5395 1533 5449 istis.

1316 5475 1347 5544 2)
1368 5477 1615 5548 Cyparntwaot.
1646 5527 1666 5535 ,.
1695 5524 1699 5533 .
1796 5505 1843 5536 ,ιιι
