<?xml version="1.0" encoding="UTF-8"?>
<!DOCTYPE html PUBLIC "-//W3C//DTD XHTML 1.0 Transitional//EN"
    "http://www.w3.org/TR/xhtml1/DTD/xhtml1-transitional.dtd">
<html xmlns="http://www.w3.org/1999/xhtml" xml:lang="en" lang="en">
 <head>
  <title>
</title>
<meta http-equiv="Content-Type" content="text/html;charset=utf-8" />
  <meta name='ocr-system' content='tesseract 3.04.00' />
  <meta name='ocr-capabilities' content='ocr_page ocr_carea ocr_par ocr_line ocrx_word'/>
</head>
<body>
  <div class='ocr_page' id='page_1' title='image "./philippimelanth06bindgoog_0164.png"; bbox 0 0 4722 6198; ppageno 0'>
   <div class='ocr_carea' id='block_1_1' title="bbox 231 221 2237 344">
    <p class='ocr_par' dir='ltr' id='par_1_1' title="bbox 231 221 2237 344">
     <span class='ocr_line' id='line_1_1' title="bbox 231 221 2237 344; baseline -0.003 -2"><span class='ocrx_word' id='word_1_1' title='bbox 231 257 317 344; x_wconf 81' lang='lat' dir='ltr'><strong>scs</strong></span> <span class='ocrx_word' id='word_1_2' title='bbox 795 247 1227 332; x_wconf 79' lang='lat' dir='ltr'><strong>artsroxlaun</strong></span> <span class='ocrx_word' id='word_1_3' title='bbox 1278 251 1389 328; x_wconf 77' lang='lat' dir='ltr'><strong>utu.</strong></span> <span class='ocrx_word' id='word_1_4' title='bbox 1414 249 1518 334; x_wconf 86' lang='lat' dir='ltr'><strong>xut.</strong></span> <span class='ocrx_word' id='word_1_5' title='bbox 1572 253 1728 333; x_wconf 73' lang='lat' dir='ltr'><strong>assa</strong></span> <span class='ocrx_word' id='word_1_6' title='bbox 1761 221 1768 232; x_wconf 87' lang='grc'><strong><em>’</em></strong></span> <span class='ocrx_word' id='word_1_7' title='bbox 2173 263 2237 336; x_wconf 84' lang='lat' dir='ltr'><strong>an</strong></span> 
     </span>
    </p>
   </div>
   <div class='ocr_carea' id='block_1_2' title="bbox 195 421 2314 2058">
    <p class='ocr_par' dir='ltr' id='par_1_2' title="bbox 195 421 2314 2058">
     <span class='ocr_line' id='line_1_2' title="bbox 237 421 2241 523; baseline -0.001 -15"><span class='ocrx_word' id='word_1_8' title='bbox 237 436 357 508; x_wconf 80' lang='lat' dir='ltr'><strong>tamen</strong></span> <span class='ocrx_word' id='word_1_9' title='bbox 381 435 513 506; x_wconf 85' lang='lat' dir='ltr'><strong>iutstra</strong></span> <span class='ocrx_word' id='word_1_10' title='bbox 538 435 580 504; x_wconf 83' lang='lat' dir='ltr'><strong>ad</strong></span> <span class='ocrx_word' id='word_1_11' title='bbox 607 433 764 523; x_wconf 89' lang='lat' dir='ltr'><strong>ipsorum</strong></span> <span class='ocrx_word' id='word_1_12' title='bbox 790 451 893 500; x_wconf 84' lang='lat' dir='ltr'><strong>aures</strong></span> <span class='ocrx_word' id='word_1_13' title='bbox 916 422 1004 497; x_wconf 88' lang='lat' dir='ltr'><strong>haec</strong></span> <span class='ocrx_word' id='word_1_14' title='bbox 1032 425 1229 499; x_wconf 74' lang='lat' dir='ltr'><strong>retulimus.</strong></span> <span class='ocrx_word' id='word_1_15' title='bbox 1254 463 1256 514; x_wconf 67' lang='lat'><em>5</em></span> <span class='ocrx_word' id='word_1_16' title='bbox 1278 421 1348 497; x_wconf 92' lang='lat' dir='ltr'><strong>hoc</strong></span> <span class='ocrx_word' id='word_1_17' title='bbox 1375 451 1563 519; x_wconf 85' lang='lat' dir='ltr'><strong>cognosces</strong></span> <span class='ocrx_word' id='word_1_18' title='bbox 1584 455 1626 501; x_wconf 82' lang='lat' dir='ltr'><strong>ex</strong></span> <span class='ocrx_word' id='word_1_19' title='bbox 1648 431 1747 515; x_wconf 87' lang='lat' dir='ltr'><strong>aliis,</strong></span> <span class='ocrx_word' id='word_1_20' title='bbox 1784 441 1845 502; x_wconf 87' lang='lat' dir='ltr'><strong>aut</strong></span> <span class='ocrx_word' id='word_1_21' title='bbox 1870 430 1969 502; x_wconf 87' lang='lat' dir='ltr'><strong>brevi</strong></span> <span class='ocrx_word' id='word_1_22' title='bbox 1993 453 2108 502; x_wconf 88' lang='lat' dir='ltr'><strong>eoram</strong></span> <span class='ocrx_word' id='word_1_23' title='bbox 2132 457 2168 502; x_wconf 88' lang='lat' dir='ltr'><strong>ex</strong></span> <span class='ocrx_word' id='word_1_24' title='bbox 2188 460 2241 508; x_wconf 89' lang='lat' dir='ltr'><strong>mc.</strong></span> 
     </span>
     <span class='ocr_line' id='line_1_3' title="bbox 239 527 2237 627; baseline -0.001 -19"><span class='ocrx_word' id='word_1_25' title='bbox 239 535 396 608; x_wconf 87' lang='lat' dir='ltr'><strong>Obstant</strong></span> <span class='ocrx_word' id='word_1_26' title='bbox 429 538 535 607; x_wconf 88' lang='lat' dir='ltr'><strong>etiam</strong></span> <span class='ocrx_word' id='word_1_27' title='bbox 569 535 721 627; x_wconf 90' lang='lat' dir='ltr'><strong>politici,</strong></span> <span class='ocrx_word' id='word_1_28' title='bbox 760 535 822 626; x_wconf 91' lang='lat' dir='ltr'><strong>qui</strong></span> <span class='ocrx_word' id='word_1_29' title='bbox 844 531 955 620; x_wconf 89' lang='lat' dir='ltr'><strong>magis</strong></span> <span class='ocrx_word' id='word_1_30' title='bbox 979 531 1022 597; x_wconf 92' lang='lat' dir='ltr'><strong>de</strong></span> <span class='ocrx_word' id='word_1_31' title='bbox 1045 529 1230 598; x_wconf 88' lang='lat' dir='ltr'><strong>retinenda</strong></span> <span class='ocrx_word' id='word_1_32' title='bbox 1278 527 1370 598; x_wconf 90' lang='lat' dir='ltr'><strong>Nam</strong></span> <span class='ocrx_word' id='word_1_33' title='bbox 1399 532 1680 626; x_wconf 74' lang='lat' dir='ltr'><strong>nudiusquartus</strong></span> <span class='ocrx_word' id='word_1_34' title='bbox 1709 529 1745 607; x_wconf 84' lang='lat'><strong>5.</strong></span> <span class='ocrx_word' id='word_1_35' title='bbox 1769 531 1910 625; x_wconf 88' lang='lat' dir='ltr'><strong>Septbr.</strong></span> <span class='ocrx_word' id='word_1_36' title='bbox 1939 533 2088 624; x_wconf 91' lang='lat' dir='ltr'><strong>primus,</strong></span> <span class='ocrx_word' id='word_1_37' title='bbox 2126 549 2174 620; x_wconf 84' lang='lat' dir='ltr'><strong>et,</strong></span> <span class='ocrx_word' id='word_1_38' title='bbox 2208 553 2237 606; x_wconf 92' lang='lat' dir='ltr'><strong>ut</strong></span> 
     </span>
     <span class='ocr_line' id='line_1_4' title="bbox 195 631 2239 738; baseline 0.02 -85"><span class='ocrx_word' id='word_1_39' title='bbox 195 635 203 654; x_wconf 84' lang='lat'><strong>.</strong></span> <span class='ocrx_word' id='word_1_40' title='bbox 241 640 448 712; x_wconf 67' lang='lat' dir='ltr'><strong>auctoritate</strong></span> <span class='ocrx_word' id='word_1_41' title='bbox 472 653 508 709; x_wconf 91' lang='lat' dir='ltr'><strong>et</strong></span> <span class='ocrx_word' id='word_1_42' title='bbox 530 635 797 720; x_wconf 79' lang='lat' dir='ltr'><strong>antecellentis,</strong></span> <span class='ocrx_word' id='word_1_43' title='bbox 840 657 947 727; x_wconf 84' lang='lat' dir='ltr'><strong>quam</strong></span> <span class='ocrx_word' id='word_1_44' title='bbox 973 634 1016 701; x_wconf 89' lang='lat' dir='ltr'><strong>de</strong></span> <span class='ocrx_word' id='word_1_45' title='bbox 1046 631 1229 699; x_wconf 88' lang='lat' dir='ltr'><strong>asserenda</strong></span> <span class='ocrx_word' id='word_1_46' title='bbox 1253 639 1258 738; x_wconf 57' lang='lat' dir='ltr'><strong>t</strong></span> <span class='ocrx_word' id='word_1_47' title='bbox 1278 653 1401 723; x_wconf 86' lang='lat' dir='ltr'><strong>spero,</strong></span> <span class='ocrx_word' id='word_1_48' title='bbox 1433 649 1632 725; x_wconf 88' lang='lat' dir='ltr'><strong>postremus</strong></span> <span class='ocrx_word' id='word_1_49' title='bbox 1653 658 1860 726; x_wconf 85' lang='lat' dir='ltr'><strong>congressus</strong></span> <span class='ocrx_word' id='word_1_50' title='bbox 1879 650 1953 706; x_wconf 86' lang='lat' dir='ltr'><strong>erat</strong></span> <span class='ocrx_word' id='word_1_51' title='bbox 1975 637 2077 705; x_wconf 73' lang='lat' dir='ltr'><strong>nobit</strong></span> <span class='ocrx_word' id='word_1_52' title='bbox 2098 661 2171 706; x_wconf 77' lang='lat' dir='ltr'><strong>cum</strong></span> <span class='ocrx_word' id='word_1_53' title='bbox 2187 663 2239 706; x_wconf 61' lang='grc' dir='ltr'><strong>ηρ.</strong></span> 
     </span>
     <span class='ocr_line' id='line_1_5' title="bbox 243 726 2241 850; baseline -0.003 -40"><span class='ocrx_word' id='word_1_54' title='bbox 243 743 397 834; x_wconf 86' lang='lat' dir='ltr'><strong>puritate</strong></span> <span class='ocrx_word' id='word_1_55' title='bbox 412 729 416 736; x_wconf 44' lang='lat'><em>⁶</em></span> <span class='ocrx_word' id='word_1_56' title='bbox 433 741 614 811; x_wconf 89' lang='lat' dir='ltr'><strong>doctrinae</strong></span> <span class='ocrx_word' id='word_1_57' title='bbox 646 738 829 808; x_wconf 91' lang='lat' dir='ltr'><strong>dimicant.</strong></span> <span class='ocrx_word' id='word_1_58' title='bbox 900 733 997 804; x_wconf 89' lang='lat' dir='ltr'><strong>lnter</strong></span> <span class='ocrx_word' id='word_1_59' title='bbox 1030 726 1232 819; x_wconf 88' lang='lat' dir='ltr'><strong>Theologos</strong></span> <span class='ocrx_word' id='word_1_60' title='bbox 1254 748 1257 850; x_wconf 67' lang='lat'><strong>,</strong></span> <span class='ocrx_word' id='word_1_61' title='bbox 1279 735 1374 820; x_wconf 90' lang='lat' dir='ltr'><strong>stris,</strong></span> <span class='ocrx_word' id='word_1_62' title='bbox 1400 735 1463 830; x_wconf 90' lang='lat' dir='ltr'><strong>qni</strong></span> <span class='ocrx_word' id='word_1_63' title='bbox 1479 737 1593 806; x_wconf 83' lang='lat' dir='ltr'><strong>videri</strong></span> <span class='ocrx_word' id='word_1_64' title='bbox 1609 737 2156 828; x_wconf 81' lang='lat' dir='ltr'><strong>voluntampleetillugustanam</strong></span> <span class='ocrx_word' id='word_1_65' title='bbox 2171 765 2241 808; x_wconf 74' lang='lat' dir='ltr'><strong>cran-</strong></span> 
     </span>
     <span class='ocr_line' id='line_1_6' title="bbox 244 833 2241 932; baseline -0.001 -20"><span class='ocrx_word' id='word_1_66' title='bbox 244 843 423 912; x_wconf 90' lang='lat' dir='ltr'><strong>neminem</strong></span> <span class='ocrx_word' id='word_1_67' title='bbox 446 839 618 912; x_wconf 88' lang='lat' dir='ltr'><strong>habemus</strong></span> <span class='ocrx_word' id='word_1_68' title='bbox 640 852 781 908; x_wconf 88' lang='lat' dir='ltr'><strong>nostrae</strong></span> <span class='ocrx_word' id='word_1_69' title='bbox 806 835 1000 907; x_wconf 90' lang='lat' dir='ltr'><strong>sententiae</strong></span> <span class='ocrx_word' id='word_1_70' title='bbox 1023 833 1231 922; x_wconf 78' lang='lat' dir='ltr'><strong>suifragato—</strong></span> <span class='ocrx_word' id='word_1_71' title='bbox 1254 853 1257 876; x_wconf 74' lang='lat'>²</span> <span class='ocrx_word' id='word_1_72' title='bbox 1279 834 1480 911; x_wconf 78' lang='lat' dir='ltr'>sessionem.</span> <span class='ocrx_word' id='word_1_73' title='bbox 1533 837 1587 908; x_wconf 93' lang='lat' dir='ltr'><strong>lbi</strong></span> <span class='ocrx_word' id='word_1_74' title='bbox 1603 841 1767 909; x_wconf 88' lang='lat' dir='ltr'><strong>mandata</strong></span> <span class='ocrx_word' id='word_1_75' title='bbox 1783 851 1923 922; x_wconf 87' lang='lat' dir='ltr'><strong>nostra,</strong></span> <span class='ocrx_word' id='word_1_76' title='bbox 1957 861 2045 932; x_wconf 88' lang='lat' dir='ltr'><strong>quae</strong></span> <span class='ocrx_word' id='word_1_77' title='bbox 2060 841 2169 932; x_wconf 83' lang='lat' dir='ltr'><strong>qualia</strong></span> <span class='ocrx_word' id='word_1_78' title='bbox 2184 843 2241 910; x_wconf 88' lang='lat' dir='ltr'><strong>sint</strong></span> 
     </span>
     <span class='ocr_line' id='line_1_7' title="bbox 243 935 2241 1036; baseline -0.002 -22"><span class='ocrx_word' id='word_1_79' title='bbox 243 967 319 1015; x_wconf 90' lang='lat' dir='ltr'><strong>rem</strong></span> <span class='ocrx_word' id='word_1_80' title='bbox 341 959 477 1036; x_wconf 88' lang='lat' dir='ltr'><strong>praeter</strong></span> <span class='ocrx_word' id='word_1_81' title='bbox 490 937 709 1013; x_wconf 80' lang='lat' dir='ltr'><strong>Morlt&#39;num</strong></span> <span class='ocrx_word' id='word_1_82' title='bbox 725 953 757 1010; x_wconf 91' lang='lat' dir='ltr'><strong>et</strong></span> <span class='ocrx_word' id='word_1_83' title='bbox 775 935 1004 1019; x_wconf 84' lang='lat' dir='ltr'><strong>Sarcert&#39;ttm,</strong></span> <span class='ocrx_word' id='word_1_84' title='bbox 1032 935 1094 1028; x_wconf 88' lang='lat' dir='ltr'><strong>qui</strong></span> <span class='ocrx_word' id='word_1_85' title='bbox 1112 947 1229 1003; x_wconf 81' lang='lat' dir='ltr'><strong>tamen</strong></span> <span class='ocrx_word' id='word_1_86' title='bbox 1281 962 1354 1007; x_wconf 92' lang='lat' dir='ltr'><strong>non</strong></span> <span class='ocrx_word' id='word_1_87' title='bbox 1369 941 1532 1030; x_wconf 82' lang='lat' dir='ltr'><strong>ignoras,</strong></span> <span class='ocrx_word' id='word_1_88' title='bbox 1558 941 1608 1012; x_wconf 87' lang='lat' dir='ltr'><strong>eis</strong></span> <span class='ocrx_word' id='word_1_89' title='bbox 1621 942 1844 1033; x_wconf 80' lang='lat' dir='ltr'><strong>exposuimus</strong></span> <span class='ocrx_word' id='word_1_90' title='bbox 1856 961 1896 1010; x_wconf 91' lang='lat' dir='ltr'><strong>ac</strong></span> <span class='ocrx_word' id='word_1_91' title='bbox 1911 942 2167 1025; x_wconf 80' lang='lat' dir='ltr'><strong>contendimus,</strong></span> <span class='ocrx_word' id='word_1_92' title='bbox 2189 965 2241 1010; x_wconf 81' lang='lat' dir='ltr'><strong>mu</strong></span> 
     </span>
     <span class='ocr_line' id='line_1_8' title="bbox 244 1035 2314 1137; baseline -0.003 -21"><span class='ocrx_word' id='word_1_93' title='bbox 244 1047 428 1116; x_wconf 89' lang='lat' dir='ltr'><strong>blanditiis</strong></span> <span class='ocrx_word' id='word_1_94' title='bbox 444 1061 478 1117; x_wconf 92' lang='lat' dir='ltr'><strong>et</strong></span> <span class='ocrx_word' id='word_1_95' title='bbox 491 1046 600 1115; x_wconf 88' lang='lat' dir='ltr'><strong>minis</strong></span> <span class='ocrx_word' id='word_1_96' title='bbox 618 1044 776 1137; x_wconf 88' lang='lat' dir='ltr'><strong>quotidie</strong></span> <span class='ocrx_word' id='word_1_97' title='bbox 791 1053 1051 1133; x_wconf 79' lang='lat' dir='ltr'><strong>oppugnantur.</strong></span> <span class='ocrx_word' id='word_1_98' title='bbox 1088 1035 1231 1124; x_wconf 84' lang='lat' dir='ltr'><strong>Quanto</strong></span> <span class='ocrx_word' id='word_1_99' title='bbox 1280 1065 1354 1110; x_wconf 91' lang='lat' dir='ltr'><strong>non</strong></span> <span class='ocrx_word' id='word_1_100' title='bbox 1369 1065 1489 1134; x_wconf 88' lang='lat' dir='ltr'><strong>posse,</strong></span> <span class='ocrx_word' id='word_1_101' title='bbox 1513 1065 1579 1114; x_wconf 89' lang='lat' dir='ltr'><strong>nec</strong></span> <span class='ocrx_word' id='word_1_102' title='bbox 1594 1043 1700 1114; x_wconf 88' lang='lat' dir='ltr'><strong>licere</strong></span> <span class='ocrx_word' id='word_1_103' title='bbox 1715 1044 1820 1112; x_wconf 91' lang='lat' dir='ltr'><strong>nobis</strong></span> <span class='ocrx_word' id='word_1_104' title='bbox 1834 1066 1914 1112; x_wconf 90' lang='lat' dir='ltr'><strong>cum</strong></span> <span class='ocrx_word' id='word_1_105' title='bbox 1933 1043 2005 1110; x_wconf 93' lang='lat' dir='ltr'><strong>illis</strong></span> <span class='ocrx_word' id='word_1_106' title='bbox 2021 1044 2179 1110; x_wconf 86' lang='lat' dir='ltr'><strong>adversus</strong></span> <span class='ocrx_word' id='word_1_107' title='bbox 2192 1068 2240 1133; x_wconf 84' lang='lat' dir='ltr'><strong>pa-</strong></span> <span class='ocrx_word' id='word_1_108' title='bbox 2313 1049 2314 1056; x_wconf 78' lang='grc'>’</span> 
     </span>
     <span class='ocr_line' id='line_1_9' title="bbox 244 1139 2241 1238; baseline -0.009 -20"><span class='ocrx_word' id='word_1_109' title='bbox 244 1162 360 1218; x_wconf 90' lang='lat' dir='ltr'><strong>antem</strong></span> <span class='ocrx_word' id='word_1_110' title='bbox 385 1148 424 1217; x_wconf 91' lang='lat' dir='ltr'><strong>in</strong></span> <span class='ocrx_word' id='word_1_111' title='bbox 447 1148 653 1218; x_wconf 83' lang='lat' dir='ltr'><strong>discrimine</strong></span> <span class='ocrx_word' id='word_1_112' title='bbox 678 1167 742 1214; x_wconf 94' lang='lat' dir='ltr'><strong>nos</strong></span> <span class='ocrx_word' id='word_1_113' title='bbox 767 1143 887 1213; x_wconf 89' lang='lat' dir='ltr'><strong>miseri</strong></span> <span class='ocrx_word' id='word_1_114' title='bbox 908 1164 1104 1223; x_wconf 85' lang='lat' dir='ltr'><strong>versemur,</strong></span> <span class='ocrx_word' id='word_1_115' title='bbox 1130 1139 1233 1207; x_wconf 86' lang='lat' dir='ltr'><strong>facile</strong></span> <span class='ocrx_word' id='word_1_116' title='bbox 1283 1143 1388 1232; x_wconf 89' lang='lat' dir='ltr'><strong>pistas</strong></span> <span class='ocrx_word' id='word_1_117' title='bbox 1402 1145 1582 1235; x_wconf 83' lang='lat' dir='ltr'><strong>coniungi,</strong></span> <span class='ocrx_word' id='word_1_118' title='bbox 1604 1145 1674 1215; x_wconf 89' lang='lat' dir='ltr'><strong>nisi</strong></span> <span class='ocrx_word' id='word_1_119' title='bbox 1690 1145 1788 1238; x_wconf 90' lang='lat' dir='ltr'><strong>prius</strong></span> <span class='ocrx_word' id='word_1_120' title='bbox 1802 1143 2014 1213; x_wconf 86' lang='lat' dir='ltr'><strong>nominatim</strong></span> <span class='ocrx_word' id='word_1_121' title='bbox 2031 1167 2148 1212; x_wconf 65' lang='lat' dir='ltr'><strong>omnes</strong></span> <span class='ocrx_word' id='word_1_122' title='bbox 2162 1169 2241 1214; x_wconf 63' lang='lat' dir='ltr'><strong>err...</strong></span> 
     </span>
     <span class='ocr_line' id='line_1_10' title="bbox 245 1237 2241 1340; baseline -0.002 -22"><span class='ocrx_word' id='word_1_123' title='bbox 245 1241 425 1340; x_wconf 86' lang='lat' dir='ltr'><strong>intelligis.</strong></span> <span class='ocrx_word' id='word_1_124' title='bbox 478 1248 552 1318; x_wconf 89' lang='lat' dir='ltr'><strong>lam</strong></span> <span class='ocrx_word' id='word_1_125' title='bbox 569 1249 663 1318; x_wconf 89' lang='lat' dir='ltr'><strong>enim</strong></span> <span class='ocrx_word' id='word_1_126' title='bbox 682 1248 880 1316; x_wconf 88' lang='lat' dir='ltr'><strong>turbatores</strong></span> <span class='ocrx_word' id='word_1_127' title='bbox 898 1243 991 1334; x_wconf 88' lang='lat' dir='ltr'><strong>pacis</strong></span> <span class='ocrx_word' id='word_1_128' title='bbox 1008 1255 1042 1311; x_wconf 87' lang='lat' dir='ltr'><strong>et</strong></span> <span class='ocrx_word' id='word_1_129' title='bbox 1063 1237 1233 1309; x_wconf 86' lang='lat' dir='ltr'><strong>schisma·</strong></span> <span class='ocrx_word' id='word_1_130' title='bbox 1255 1253 1259 1312; x_wconf 90' lang='lat' dir='ltr'><strong>t</strong></span> <span class='ocrx_word' id='word_1_131' title='bbox 1282 1268 1353 1331; x_wconf 89' lang='lat' dir='ltr'><strong>res,</strong></span> <span class='ocrx_word' id='word_1_132' title='bbox 1394 1271 1484 1338; x_wconf 92' lang='lat' dir='ltr'><strong>quos</strong></span> <span class='ocrx_word' id='word_1_133' title='bbox 1517 1248 1656 1318; x_wconf 77' lang='lat' dir='ltr'><strong>disertis</strong></span> <span class='ocrx_word' id='word_1_134' title='bbox 1692 1247 1810 1320; x_wconf 82' lang='lat' dir='ltr'><strong>verbis</strong></span> <span class='ocrx_word' id='word_1_135' title='bbox 1842 1245 2092 1336; x_wconf 83' lang='lat' dir='ltr'><strong>expressimus,</strong></span> <span class='ocrx_word' id='word_1_136' title='bbox 2132 1247 2241 1338; x_wconf 83' lang='lat' dir='ltr'><strong>quique</strong></span> 
     </span>
     <span class='ocr_line' id='line_1_11' title="bbox 244 1339 2240 1444; baseline -0.008 -22"><span class='ocrx_word' id='word_1_137' title='bbox 244 1353 307 1422; x_wconf 92' lang='lat' dir='ltr'><strong>tici</strong></span> <span class='ocrx_word' id='word_1_138' title='bbox 334 1348 571 1444; x_wconf 86' lang='lat' dir='ltr'><strong>perhibemur.</strong></span> <span class='ocrx_word' id='word_1_139' title='bbox 623 1346 806 1419; x_wconf 82' lang='lat' dir='ltr'><strong>Accedunt</strong></span> <span class='ocrx_word' id='word_1_140' title='bbox 830 1345 1028 1416; x_wconf 86' lang='lat' dir='ltr'><strong>saevissima</strong></span> <span class='ocrx_word' id='word_1_141' title='bbox 1051 1342 1232 1413; x_wconf 89' lang='lat' dir='ltr'><strong>terricula·</strong></span> <span class='ocrx_word' id='word_1_142' title='bbox 1282 1370 1438 1438; x_wconf 76' lang='lat' dir='ltr'><strong>pugnare</strong></span> <span class='ocrx_word' id='word_1_143' title='bbox 1450 1373 1530 1418; x_wconf 84' lang='lat' dir='ltr'><strong>cum</strong></span> <span class='ocrx_word' id='word_1_144' title='bbox 1546 1351 1708 1420; x_wconf 79' lang='lat' dir='ltr'><strong>doctrina</strong></span> <span class='ocrx_word' id='word_1_145' title='bbox 1723 1339 1842 1418; x_wconf 81' lang='lat' dir='ltr'><strong>nostra</strong></span> <span class='ocrx_word' id='word_1_146' title='bbox 1858 1341 2062 1428; x_wconf 88' lang='lat' dir='ltr'><strong>christiana,</strong></span> <span class='ocrx_word' id='word_1_147' title='bbox 2079 1373 2163 1438; x_wconf 85' lang='lat' dir='ltr'><strong>qnae</strong></span> <span class='ocrx_word' id='word_1_148' title='bbox 2174 1375 2240 1415; x_wconf 78' lang='lat' dir='ltr'><strong>cau.</strong></span> 
     </span>
     <span class='ocr_line' id='line_1_12' title="bbox 214 1445 2239 1541; baseline -0.011 -5"><span class='ocrx_word' id='word_1_149' title='bbox 214 1531 218 1536; x_wconf 85' lang='lat'><strong>.</strong></span> <span class='ocrx_word' id='word_1_150' title='bbox 244 1467 383 1540; x_wconf 80' lang='lat' dir='ltr'><strong>menta,</strong></span> <span class='ocrx_word' id='word_1_151' title='bbox 415 1454 509 1533; x_wconf 80' lang='lat' dir='ltr'><strong>fora,</strong></span> <span class='ocrx_word' id='word_1_152' title='bbox 540 1465 580 1523; x_wconf 87' lang='lat' dir='ltr'><strong>at</strong></span> <span class='ocrx_word' id='word_1_153' title='bbox 611 1464 643 1520; x_wconf 87' lang='lat' dir='ltr'><strong>et</strong></span> <span class='ocrx_word' id='word_1_154' title='bbox 670 1451 846 1541; x_wconf 73' lang='lat' dir='ltr'><strong>principes</strong></span> <span class='ocrx_word' id='word_1_155' title='bbox 871 1461 906 1519; x_wconf 84' lang='lat' dir='ltr'><strong>et</strong></span> <span class='ocrx_word' id='word_1_156' title='bbox 928 1459 1037 1517; x_wconf 83' lang='lat' dir='ltr'><strong>totam</strong></span> <span class='ocrx_word' id='word_1_157' title='bbox 1061 1445 1232 1513; x_wconf 83' lang='lat' dir='ltr'><strong>ditionem</strong></span> <span class='ocrx_word' id='word_1_158' title='bbox 1283 1449 1416 1519; x_wconf 81' lang='lat' dir='ltr'><strong>tinetur</strong></span> <span class='ocrx_word' id='word_1_159' title='bbox 1438 1451 1477 1518; x_wconf 82' lang='lat' dir='ltr'><strong>ia</strong></span> <span class='ocrx_word' id='word_1_160' title='bbox 1493 1447 1696 1541; x_wconf 79' lang='lat' dir='ltr'><strong>Augustam</strong></span> <span class='ocrx_word' id='word_1_161' title='bbox 1721 1449 1941 1520; x_wconf 81' lang='lat' dir='ltr'><strong>consessione</strong></span> <span class='ocrx_word' id='word_1_162' title='bbox 1964 1462 2028 1523; x_wconf 79' lang='lat' dir='ltr'><strong>etc.</strong></span> <span class='ocrx_word' id='word_1_163' title='bbox 2048 1465 2083 1520; x_wconf 82' lang='lat' dir='ltr'><strong>et</strong></span> <span class='ocrx_word' id='word_1_164' title='bbox 2103 1446 2239 1520; x_wconf 67' lang='lat' dir='ltr'><strong>Satanan.</strong></span> 
     </span>
     <span class='ocr_line' id='line_1_13' title="bbox 245 1545 2239 1648; baseline -0.004 -22"><span class='ocrx_word' id='word_1_165' title='bbox 245 1557 349 1628; x_wconf 87' lang='lat' dir='ltr'><strong>novis</strong></span> <span class='ocrx_word' id='word_1_166' title='bbox 370 1555 536 1648; x_wconf 89' lang='lat' dir='ltr'><strong>periculis</strong></span> <span class='ocrx_word' id='word_1_167' title='bbox 559 1569 594 1625; x_wconf 91' lang='lat' dir='ltr'><strong>et</strong></span> <span class='ocrx_word' id='word_1_168' title='bbox 615 1553 942 1644; x_wconf 87' lang='lat' dir='ltr'><strong>potentissimorum</strong></span> <span class='ocrx_word' id='word_1_169' title='bbox 965 1549 1048 1616; x_wconf 88' lang='lat' dir='ltr'><strong>odio</strong></span> <span class='ocrx_word' id='word_1_170' title='bbox 1071 1545 1232 1636; x_wconf 88' lang='lat' dir='ltr'><strong>implice-</strong></span> <span class='ocrx_word' id='word_1_171' title='bbox 1281 1551 1424 1620; x_wconf 88' lang='lat' dir='ltr'><strong>caldicis</strong></span> <span class='ocrx_word' id='word_1_172' title='bbox 1442 1552 1632 1636; x_wconf 81' lang='lat' dir='ltr'><strong>Articulis,</strong></span> <span class='ocrx_word' id='word_1_173' title='bbox 1664 1578 1683 1622; x_wconf 90' lang='lat' dir='ltr'><strong>a</strong></span> <span class='ocrx_word' id='word_1_174' title='bbox 1707 1553 1809 1623; x_wconf 90' lang='lat' dir='ltr'><strong>nobis</strong></span> <span class='ocrx_word' id='word_1_175' title='bbox 1831 1553 1999 1621; x_wconf 86' lang='lat' dir='ltr'><strong>omnibus</strong></span> <span class='ocrx_word' id='word_1_176' title='bbox 2019 1575 2088 1620; x_wconf 89' lang='lat' dir='ltr'><strong>uno</strong></span> <span class='ocrx_word' id='word_1_177' title='bbox 2103 1577 2160 1620; x_wconf 83' lang='lat' dir='ltr'><strong>ore</strong></span> <span class='ocrx_word' id='word_1_178' title='bbox 2174 1577 2239 1618; x_wconf 72' lang='lat' dir='ltr'><strong>ecan-</strong></span> 
     </span>
     <span class='ocr_line' id='line_1_14' title="bbox 244 1649 2239 1748; baseline -0.003 -22"><span class='ocrx_word' id='word_1_179' title='bbox 244 1681 335 1728; x_wconf 90' lang='lat' dir='ltr'><strong>mns.</strong></span> <span class='ocrx_word' id='word_1_180' title='bbox 401 1653 451 1728; x_wconf 82' lang='lat' dir='ltr'><strong>At</strong></span> <span class='ocrx_word' id='word_1_181' title='bbox 482 1679 547 1726; x_wconf 92' lang='lat' dir='ltr'><strong>nos</strong></span> <span class='ocrx_word' id='word_1_182' title='bbox 577 1681 704 1746; x_wconf 86' lang='lat' dir='ltr'><strong>magno</strong></span> <span class='ocrx_word' id='word_1_183' title='bbox 731 1657 850 1723; x_wconf 89' lang='lat' dir='ltr'><strong>animo</strong></span> <span class='ocrx_word' id='word_1_184' title='bbox 874 1651 956 1720; x_wconf 89' lang='lat' dir='ltr'><strong>sreti</strong></span> <span class='ocrx_word' id='word_1_185' title='bbox 980 1649 1136 1740; x_wconf 77' lang='lat' dir='ltr'><strong>praeside</strong></span> <span class='ocrx_word' id='word_1_186' title='bbox 1159 1672 1231 1715; x_wconf 83' lang='lat' dir='ltr'><strong>nott</strong></span> <span class='ocrx_word' id='word_1_187' title='bbox 1282 1654 1545 1724; x_wconf 80' lang='lat' dir='ltr'><strong>damnarentur.</strong></span> <span class='ocrx_word' id='word_1_188' title='bbox 1593 1653 1701 1744; x_wconf 82' lang='lat' dir='ltr'><strong>Quod</strong></span> <span class='ocrx_word' id='word_1_189' title='bbox 1719 1656 1897 1748; x_wconf 89' lang='lat' dir='ltr'><strong>quomodo</strong></span> <span class='ocrx_word' id='word_1_190' title='bbox 1913 1655 1958 1724; x_wconf 87' lang='lat' dir='ltr'><strong>sit</strong></span> <span class='ocrx_word' id='word_1_191' title='bbox 1974 1664 2147 1745; x_wconf 86' lang='lat' dir='ltr'><strong>acceptum</strong></span> <span class='ocrx_word' id='word_1_192' title='bbox 2162 1654 2239 1722; x_wconf 68' lang='lat' dir='ltr'><strong>[attile</strong></span> 
     </span>
     <span class='ocr_line' id='line_1_15' title="bbox 243 1747 2238 1846; baseline -0.005 -16"><span class='ocrx_word' id='word_1_193' title='bbox 243 1755 344 1830; x_wconf 84' lang='lat' dir='ltr'><strong>Iult&#39;o</strong></span> <span class='ocrx_word' id='word_1_194' title='bbox 369 1759 429 1830; x_wconf 91' lang='lat' dir='ltr'><strong>sed</strong></span> <span class='ocrx_word' id='word_1_195' title='bbox 445 1755 608 1842; x_wconf 89' lang='lat' dir='ltr'><strong>Christo,</strong></span> <span class='ocrx_word' id='word_1_196' title='bbox 642 1774 677 1828; x_wconf 90' lang='lat' dir='ltr'><strong>et</strong></span> <span class='ocrx_word' id='word_1_197' title='bbox 699 1779 822 1826; x_wconf 87' lang='lat' dir='ltr'><strong>causae</strong></span> <span class='ocrx_word' id='word_1_198' title='bbox 845 1753 1002 1822; x_wconf 86' lang='lat' dir='ltr'><strong>bonitate</strong></span> <span class='ocrx_word' id='word_1_199' title='bbox 1027 1747 1232 1819; x_wconf 87' lang='lat' dir='ltr'><strong>hasverbo-</strong></span> <span class='ocrx_word' id='word_1_200' title='bbox 1284 1757 1414 1844; x_wconf 90' lang='lat' dir='ltr'><strong>poteris</strong></span> <span class='ocrx_word' id='word_1_201' title='bbox 1440 1757 1654 1826; x_wconf 75' lang='lat' dir='ltr'><strong>condicere..</strong></span> <span class='ocrx_word' id='word_1_202' title='bbox 1694 1755 1736 1826; x_wconf 92' lang='lat' dir='ltr'><strong>ln</strong></span> <span class='ocrx_word' id='word_1_203' title='bbox 1765 1777 1893 1846; x_wconf 69' lang='lat' dir='ltr'><strong>genere</strong></span> <span class='ocrx_word' id='word_1_204' title='bbox 1921 1757 2118 1826; x_wconf 87' lang='lat' dir='ltr'><strong>sentiebant</strong></span> <span class='ocrx_word' id='word_1_205' title='bbox 2140 1779 2238 1824; x_wconf 82' lang='lat' dir='ltr'><strong>numu</strong></span> 
     </span>
     <span class='ocr_line' id='line_1_16' title="bbox 243 1848 2239 1952; baseline -0.003 -23"><span class='ocrx_word' id='word_1_206' title='bbox 243 1885 322 1932; x_wconf 89' lang='lat' dir='ltr'><strong>rum</strong></span> <span class='ocrx_word' id='word_1_207' title='bbox 339 1884 482 1952; x_wconf 89' lang='lat' dir='ltr'><strong>spumas</strong></span> <span class='ocrx_word' id='word_1_208' title='bbox 495 1861 765 1930; x_wconf 89' lang='lat' dir='ltr'><strong>contemnimus.</strong></span> <span class='ocrx_word' id='word_1_209' title='bbox 809 1856 1000 1947; x_wconf 84' lang='lat' dir='ltr'><strong>Speremus</strong></span> <span class='ocrx_word' id='word_1_210' title='bbox 1016 1853 1122 1923; x_wconf 90' lang='lat' dir='ltr'><strong>etiam</strong></span> <span class='ocrx_word' id='word_1_211' title='bbox 1138 1848 1233 1920; x_wconf 89' lang='lat' dir='ltr'><strong>hunc</strong></span> <span class='ocrx_word' id='word_1_212' title='bbox 1282 1857 1344 1924; x_wconf 84' lang='lat' dir='ltr'><strong>alii</strong></span> <span class='ocrx_word' id='word_1_213' title='bbox 1374 1859 1663 1928; x_wconf 86' lang='lat' dir='ltr'><strong>condemnandos</strong></span> <span class='ocrx_word' id='word_1_214' title='bbox 1695 1883 1853 1944; x_wconf 83' lang='lat' dir='ltr'><strong>errores,</strong></span> <span class='ocrx_word' id='word_1_215' title='bbox 1893 1861 1952 1928; x_wconf 92' lang='lat' dir='ltr'><strong>sed</strong></span> <span class='ocrx_word' id='word_1_216' title='bbox 1984 1882 2057 1928; x_wconf 91' lang='lat' dir='ltr'><strong>non</strong></span> <span class='ocrx_word' id='word_1_217' title='bbox 2082 1860 2119 1931; x_wconf 88' lang='lat' dir='ltr'><strong>in</strong></span> <span class='ocrx_word' id='word_1_218' title='bbox 2141 1858 2239 1948; x_wconf 85' lang='lat' dir='ltr'><strong>specie,</strong></span> 
     </span>
     <span class='ocr_line' id='line_1_17' title="bbox 244 1945 2240 2058; baseline -0.005 -25"><span class='ocrx_word' id='word_1_219' title='bbox 244 1955 359 2054; x_wconf 84' lang='lat' dir='ltr'><strong>ipsum</strong></span> <span class='ocrx_word' id='word_1_220' title='bbox 373 1965 521 2058; x_wconf 79' lang='lat' dir='ltr'><strong>ducem,</strong></span> <span class='ocrx_word' id='word_1_221' title='bbox 545 1962 606 2055; x_wconf 93' lang='lat' dir='ltr'><strong>qui</strong></span> <span class='ocrx_word' id='word_1_222' title='bbox 622 1961 688 2031; x_wconf 87' lang='lat' dir='ltr'><strong>luit</strong></span> <span class='ocrx_word' id='word_1_223' title='bbox 709 1945 844 2054; x_wconf 47' lang='grc' dir='ltr'><strong>ΒΨ)</strong></span> <span class='ocrx_word' id='word_1_224' title='bbox 860 1951 966 2026; x_wconf 74' lang='lat' dir='ltr'><strong>huius</strong></span> <span class='ocrx_word' id='word_1_225' title='bbox 981 1954 1134 2040; x_wconf 76' lang='lat' dir='ltr'><strong>consilii,</strong></span> <span class='ocrx_word' id='word_1_226' title='bbox 1158 1954 1234 2020; x_wconf 72' lang='lat' dir='ltr'><strong>fore</strong></span> <span class='ocrx_word' id='word_1_227' title='bbox 1284 1959 1350 2026; x_wconf 92' lang='lat' dir='ltr'><strong>nisi</strong></span> <span class='ocrx_word' id='word_1_228' title='bbox 1376 1959 1470 2050; x_wconf 88' lang='lat' dir='ltr'><strong>quod</strong></span> <span class='ocrx_word' id='word_1_229' title='bbox 1496 1949 1698 2057; x_wconf 79' lang='lat' dir='ltr'><strong>Philippus</strong></span> <span class='ocrx_word' id='word_1_230' title='bbox 1724 1959 1879 2042; x_wconf 83' lang='lat' dir='ltr'><strong>dicebat,</strong></span> <span class='ocrx_word' id='word_1_231' title='bbox 1921 1983 1957 2028; x_wconf 91' lang='lat' dir='ltr'><strong>se</strong></span> <span class='ocrx_word' id='word_1_232' title='bbox 1983 1959 2165 2028; x_wconf 79' lang='lat' dir='ltr'><strong>formulam</strong></span> <span class='ocrx_word' id='word_1_233' title='bbox 2187 1980 2240 2024; x_wconf 82' lang='lat' dir='ltr'><strong>csse</strong></span> 
     </span>
    </p>
   </div>
   <div class='ocr_carea' id='block_1_3' title="bbox 242 2053 1235 3866">
    <p class='ocr_par' dir='ltr' id='par_1_3' title="bbox 242 2053 1234 3476">
     <span class='ocr_line' id='line_1_18' title="bbox 245 2053 1232 2167; baseline -0.024 -22"><span class='ocrx_word' id='word_1_234' title='bbox 245 2067 332 2159; x_wconf 62' lang='lat' dir='ltr'><strong>&#39;tias</strong></span> <span class='ocrx_word' id='word_1_235' title='bbox 356 2053 487 2167; x_wconf 36' lang='grc' dir='ltr'><strong>ὅγ’)</strong></span> <span class='ocrx_word' id='word_1_236' title='bbox 509 2065 546 2130; x_wconf 94' lang='lat' dir='ltr'><strong>in</strong></span> <span class='ocrx_word' id='word_1_237' title='bbox 569 2063 788 2154; x_wconf 90' lang='lat' dir='ltr'><strong>depellendis</strong></span> <span class='ocrx_word' id='word_1_238' title='bbox 812 2074 846 2131; x_wconf 87' lang='lat' dir='ltr'><strong>et</strong></span> <span class='ocrx_word' id='word_1_239' title='bbox 868 2057 1118 2151; x_wconf 83' lang='lat' dir='ltr'><strong>propulsandis</strong></span> <span class='ocrx_word' id='word_1_240' title='bbox 1139 2053 1232 2144; x_wconf 92' lang='lat' dir='ltr'><strong>peri-</strong></span> 
     </span>
     <span class='ocr_line' id='line_1_19' title="bbox 246 2157 1231 2258; baseline -0.012 -24"><span class='ocrx_word' id='word_1_241' title='bbox 246 2167 346 2248; x_wconf 90' lang='lat' dir='ltr'><strong>culis,</strong></span> <span class='ocrx_word' id='word_1_242' title='bbox 373 2187 463 2258; x_wconf 87' lang='lat' dir='ltr'><strong>qnae</strong></span> <span class='ocrx_word' id='word_1_243' title='bbox 477 2187 606 2254; x_wconf 82' lang='lat' dir='ltr'><strong>magno</strong></span> <span class='ocrx_word' id='word_1_244' title='bbox 623 2166 756 2254; x_wconf 89' lang='lat' dir='ltr'><strong>impetu</strong></span> <span class='ocrx_word' id='word_1_245' title='bbox 768 2161 872 2232; x_wconf 91' lang='lat' dir='ltr'><strong>nobis</strong></span> <span class='ocrx_word' id='word_1_246' title='bbox 888 2162 1092 2250; x_wconf 85' lang='lat' dir='ltr'><strong>impendere</strong></span> <span class='ocrx_word' id='word_1_247' title='bbox 1106 2157 1231 2225; x_wconf 89' lang='lat' dir='ltr'><strong>viden-</strong></span> 
     </span>
     <span class='ocr_line' id='line_1_20' title="bbox 244 2263 1233 2363; baseline -0.012 -27"><span class='ocrx_word' id='word_1_248' title='bbox 244 2281 315 2340; x_wconf 90' lang='lat' dir='ltr'><strong>tur.</strong></span> <span class='ocrx_word' id='word_1_249' title='bbox 364 2265 438 2336; x_wconf 89' lang='lat' dir='ltr'><strong>Nos</strong></span> <span class='ocrx_word' id='word_1_250' title='bbox 461 2291 568 2363; x_wconf 88' lang='lat' dir='ltr'><strong>porro</strong></span> <span class='ocrx_word' id='word_1_251' title='bbox 592 2266 732 2358; x_wconf 91' lang='lat' dir='ltr'><strong>publica</strong></span> <span class='ocrx_word' id='word_1_252' title='bbox 758 2263 1009 2358; x_wconf 74' lang='lat' dir='ltr'><strong>protestatione</strong></span> <span class='ocrx_word' id='word_1_253' title='bbox 1028 2282 1149 2330; x_wconf 88' lang='lat' dir='ltr'><strong>causas</strong></span> <span class='ocrx_word' id='word_1_254' title='bbox 1166 2282 1233 2326; x_wconf 93' lang='lat' dir='ltr'><strong>no-</strong></span> 
     </span>
     <span class='ocr_line' id='line_1_21' title="bbox 243 2359 1231 2443; baseline -0.008 -6"><span class='ocrx_word' id='word_1_255' title='bbox 243 2383 335 2438; x_wconf 88' lang='lat' dir='ltr'><strong>strae</strong></span> <span class='ocrx_word' id='word_1_256' title='bbox 355 2367 586 2440; x_wconf 83' lang='lat' dir='ltr'><strong>dissensionis</strong></span> <span class='ocrx_word' id='word_1_257' title='bbox 606 2359 980 2443; x_wconf 85' lang='lat' dir='ltr'><strong>commemorabimus,</strong></span> <span class='ocrx_word' id='word_1_258' title='bbox 1006 2386 1046 2431; x_wconf 92' lang='lat' dir='ltr'><strong>ac</strong></span> <span class='ocrx_word' id='word_1_259' title='bbox 1064 2363 1158 2432; x_wconf 87' lang='lat' dir='ltr'><strong>diras</strong></span> <span class='ocrx_word' id='word_1_260' title='bbox 1174 2385 1231 2429; x_wconf 91' lang='lat' dir='ltr'><strong>ca·</strong></span> 
     </span>
     <span class='ocr_line' id='line_1_22' title="bbox 243 2463 1232 2564; baseline -0.007 -24"><span class='ocrx_word' id='word_1_261' title='bbox 243 2471 399 2542; x_wconf 87' lang='lat' dir='ltr'><strong>lumnias</strong></span> <span class='ocrx_word' id='word_1_262' title='bbox 421 2487 455 2544; x_wconf 89' lang='lat' dir='ltr'><strong>et</strong></span> <span class='ocrx_word' id='word_1_263' title='bbox 477 2469 663 2554; x_wconf 82' lang='lat' dir='ltr'><strong>convicia,</strong></span> <span class='ocrx_word' id='word_1_264' title='bbox 680 2470 815 2564; x_wconf 80' lang='lat' dir='ltr'><strong>quibus</strong></span> <span class='ocrx_word' id='word_1_265' title='bbox 834 2465 1072 2559; x_wconf 79' lang='lat' dir='ltr'><strong>aspergimur,</strong></span> <span class='ocrx_word' id='word_1_266' title='bbox 1097 2463 1232 2533; x_wconf 87' lang='lat' dir='ltr'><strong>diluere</strong></span> 
     </span>
     <span class='ocr_line' id='line_1_23' title="bbox 243 2561 1233 2658; baseline -0.013 -16"><span class='ocrx_word' id='word_1_267' title='bbox 243 2573 464 2650; x_wconf 88' lang='lat' dir='ltr'><strong>conabimur.</strong></span> <span class='ocrx_word' id='word_1_268' title='bbox 500 2569 761 2658; x_wconf 76' lang='lat' dir='ltr'><strong>Dominusnos</strong></span> <span class='ocrx_word' id='word_1_269' title='bbox 777 2571 979 2650; x_wconf 84' lang='lat' dir='ltr'><strong>confirmet,</strong></span> <span class='ocrx_word' id='word_1_270' title='bbox 1006 2579 1038 2634; x_wconf 90' lang='lat' dir='ltr'><strong>et</strong></span> <span class='ocrx_word' id='word_1_271' title='bbox 1053 2561 1233 2634; x_wconf 86' lang='lat' dir='ltr'><strong>Ecclesiae</strong></span> 
     </span>
     <span class='ocr_line' id='line_1_24' title="bbox 244 2666 1232 2764; baseline -0.01 -22"><span class='ocrx_word' id='word_1_272' title='bbox 244 2697 326 2744; x_wconf 89' lang='lat' dir='ltr'><strong>suae</strong></span> <span class='ocrx_word' id='word_1_273' title='bbox 348 2673 526 2744; x_wconf 89' lang='lat' dir='ltr'><strong>laboranti</strong></span> <span class='ocrx_word' id='word_1_274' title='bbox 550 2698 653 2764; x_wconf 89' lang='lat' dir='ltr'><strong>opem</strong></span> <span class='ocrx_word' id='word_1_275' title='bbox 667 2675 775 2757; x_wconf 87' lang='lat' dir='ltr'><strong>ferat,</strong></span> <span class='ocrx_word' id='word_1_276' title='bbox 801 2681 998 2760; x_wconf 90' lang='lat' dir='ltr'><strong>compescat</strong></span> <span class='ocrx_word' id='word_1_277' title='bbox 1012 2668 1117 2737; x_wconf 89' lang='lat' dir='ltr'><strong>etiam</strong></span> <span class='ocrx_word' id='word_1_278' title='bbox 1133 2666 1232 2734; x_wconf 85' lang='lat' dir='ltr'><strong>furo-</strong></span> 
     </span>
     <span class='ocr_line' id='line_1_25' title="bbox 242 2768 1232 2868; baseline -0.007 -23"><span class='ocrx_word' id='word_1_279' title='bbox 242 2799 300 2848; x_wconf 86' lang='lat' dir='ltr'><strong>res</strong></span> <span class='ocrx_word' id='word_1_280' title='bbox 330 2799 473 2858; x_wconf 86' lang='lat' dir='ltr'><strong>eorum‚</strong></span> <span class='ocrx_word' id='word_1_281' title='bbox 514 2776 578 2868; x_wconf 91' lang='lat' dir='ltr'><strong>qui</strong></span> <span class='ocrx_word' id='word_1_282' title='bbox 603 2774 742 2846; x_wconf 86' lang='lat' dir='ltr'><strong>saevius</strong></span> <span class='ocrx_word' id='word_1_283' title='bbox 766 2797 842 2845; x_wconf 88' lang='lat' dir='ltr'><strong>earn</strong></span> <span class='ocrx_word' id='word_1_284' title='bbox 867 2771 1061 2846; x_wconf 81' lang='lat' dir='ltr'><strong>dilacerare</strong></span> <span class='ocrx_word' id='word_1_285' title='bbox 1080 2768 1232 2838; x_wconf 86' lang='lat' dir='ltr'><strong>student.</strong></span> 
     </span>
     <span class='ocr_line' id='line_1_26' title="bbox 244 2871 1233 2970; baseline -0.012 -20"><span class='ocrx_word' id='word_1_286' title='bbox 244 2875 369 2970; x_wconf 86' lang='lat' dir='ltr'><strong>Spero,</strong></span> <span class='ocrx_word' id='word_1_287' title='bbox 388 2893 546 2950; x_wconf 84' lang='lat' dir='ltr'><strong>nostram</strong></span> <span class='ocrx_word' id='word_1_288' title='bbox 563 2871 656 2950; x_wconf 84' lang='lat' dir='ltr'><strong>hunc</strong></span> <span class='ocrx_word' id='word_1_289' title='bbox 674 2900 817 2969; x_wconf 86' lang='lat' dir='ltr'><strong>operam</strong></span> <span class='ocrx_word' id='word_1_290' title='bbox 837 2888 871 2944; x_wconf 87' lang='lat' dir='ltr'><strong>et</strong></span> <span class='ocrx_word' id='word_1_291' title='bbox 888 2884 1105 2942; x_wconf 79' lang='lat' dir='ltr'><strong>constantem</strong></span> <span class='ocrx_word' id='word_1_292' title='bbox 1125 2892 1233 2962; x_wconf 88' lang='lat' dir='ltr'><strong>purae</strong></span> 
     </span>
     <span class='ocr_line' id='line_1_27' title="bbox 243 2975 1233 3054; baseline -0.006 -8"><span class='ocrx_word' id='word_1_293' title='bbox 243 2981 475 3052; x_wconf 79' lang='lat' dir='ltr'><strong>confessionis</strong></span> <span class='ocrx_word' id='word_1_294' title='bbox 506 2979 749 3050; x_wconf 80' lang='lat' dir='ltr'><strong>defensionem</strong></span> <span class='ocrx_word' id='word_1_295' title='bbox 782 2978 848 3048; x_wconf 91' lang='lat' dir='ltr'><strong>tibi</strong></span> <span class='ocrx_word' id='word_1_296' title='bbox 884 2992 921 3044; x_wconf 92' lang='lat' dir='ltr'><strong>et</strong></span> <span class='ocrx_word' id='word_1_297' title='bbox 946 2975 1114 3054; x_wconf 85' lang='lat' dir='ltr'><strong>omnibus</strong></span> <span class='ocrx_word' id='word_1_298' title='bbox 1140 2984 1233 3042; x_wconf 87' lang='lat' dir='ltr'><strong>recte.</strong></span> 
     </span>
     <span class='ocr_line' id='line_1_28' title="bbox 243 3075 1234 3174; baseline 0 -28"><span class='ocrx_word' id='word_1_299' title='bbox 243 3081 484 3162; x_wconf 81' lang='lat' dir='ltr'><strong>iudicantibus</strong></span> <span class='ocrx_word' id='word_1_300' title='bbox 498 3079 798 3174; x_wconf 72' lang='lat' dir='ltr'><strong>non&#39;improbari.</strong></span> <span class='ocrx_word' id='word_1_301' title='bbox 842 3077 930 3146; x_wconf 75' lang='lat' dir='ltr'><strong>l&#39;ale</strong></span> <span class='ocrx_word' id='word_1_302' title='bbox 941 3075 1143 3154; x_wconf 82' lang='lat' dir='ltr'><strong>dulcissime</strong></span> <span class='ocrx_word' id='word_1_303' title='bbox 1160 3075 1234 3146; x_wconf 86' lang='lat' dir='ltr'><strong>ira-</strong></span> 
     </span>
     <span class='ocr_line' id='line_1_29' title="bbox 243 3176 1233 3272; baseline -0.006 -19"><span class='ocrx_word' id='word_1_304' title='bbox 243 3197 315 3268; x_wconf 85' lang='lat' dir='ltr'><strong>ter,</strong></span> <span class='ocrx_word' id='word_1_305' title='bbox 340 3196 376 3254; x_wconf 90' lang='lat' dir='ltr'><strong>et</strong></span> <span class='ocrx_word' id='word_1_306' title='bbox 400 3196 480 3254; x_wconf 91' lang='lat' dir='ltr'><strong>tuos</strong></span> <span class='ocrx_word' id='word_1_307' title='bbox 503 3199 626 3258; x_wconf 84' lang='lat' dir='ltr'><strong>omues</strong></span> <span class='ocrx_word' id='word_1_308' title='bbox 644 3206 684 3251; x_wconf 91' lang='lat' dir='ltr'><strong>ac</strong></span> <span class='ocrx_word' id='word_1_309' title='bbox 697 3193 876 3272; x_wconf 87' lang='lat' dir='ltr'><strong>parentem</strong></span> <span class='ocrx_word' id='word_1_310' title='bbox 894 3197 1011 3250; x_wconf 86' lang='lat' dir='ltr'><strong>meum</strong></span> <span class='ocrx_word' id='word_1_311' title='bbox 1029 3176 1233 3247; x_wconf 87' lang='lat' dir='ltr'><strong>dominum-</strong></span> 
     </span>
     <span class='ocr_line' id='line_1_30' title="bbox 245 3278 1234 3376; baseline -0.005 -21"><span class='ocrx_word' id='word_1_312' title='bbox 245 3309 315 3376; x_wconf 87' lang='lat' dir='ltr'><strong>que</strong></span> <span class='ocrx_word' id='word_1_313' title='bbox 340 3297 516 3374; x_wconf 87' lang='lat' dir='ltr'><strong>pastorem</strong></span> <span class='ocrx_word' id='word_1_314' title='bbox 538 3305 580 3352; x_wconf 84' lang='lat' dir='ltr'><strong>ex</strong></span> <span class='ocrx_word' id='word_1_315' title='bbox 602 3307 661 3352; x_wconf 89' lang='lat' dir='ltr'><strong>me</strong></span> <span class='ocrx_word' id='word_1_316' title='bbox 681 3283 805 3354; x_wconf 78' lang='lat' dir='ltr'><strong>saltata.</strong></span> <span class='ocrx_word' id='word_1_317' title='bbox 865 3279 975 3352; x_wconf 83' lang='lat' dir='ltr'><strong>Datne</strong></span> <span class='ocrx_word' id='word_1_318' title='bbox 1000 3278 1234 3350; x_wconf 87' lang='lat' dir='ltr'><strong>Wormaciae</strong></span> 
     </span>
     <span class='ocr_line' id='line_1_31' title="bbox 247 3379 859 3476; baseline 0.002 -22"><span class='ocrx_word' id='word_1_319' title='bbox 247 3385 271 3454; x_wconf 86' lang='lat'>8</span> <span class='ocrx_word' id='word_1_320' title='bbox 289 3383 469 3476; x_wconf 90' lang='lat' dir='ltr'><strong>Septemb.</strong></span> <span class='ocrx_word' id='word_1_321' title='bbox 485 3408 580 3454; x_wconf 90' lang='lat' dir='ltr'><strong>anno</strong></span> <span class='ocrx_word' id='word_1_322' title='bbox 597 3380 730 3456; x_wconf 88' lang='lat' dir='ltr'><strong>Christi</strong></span> <span class='ocrx_word' id='word_1_323' title='bbox 749 3379 859 3455; x_wconf 78' lang='lat'><strong>1557.</strong></span> 
     </span>
    </p>

    <p class='ocr_par' dir='ltr' id='par_1_4' title="bbox 246 3484 1235 3866">
     <span class='ocr_line' id='line_1_32' title="bbox 351 3484 1235 3578; baseline -0.003 -23"><span class='ocrx_word' id='word_1_324' title='bbox 351 3484 504 3574; x_wconf 88' lang='lat' dir='ltr'><strong>Quaeso,</strong></span> <span class='ocrx_word' id='word_1_325' title='bbox 530 3509 575 3553; x_wconf 90' lang='lat' dir='ltr'><strong>ne</strong></span> <span class='ocrx_word' id='word_1_326' title='bbox 590 3509 792 3578; x_wconf 87' lang='lat' dir='ltr'><strong>quenquam</strong></span> <span class='ocrx_word' id='word_1_327' title='bbox 808 3485 885 3554; x_wconf 88' lang='lat' dir='ltr'><strong>sine</strong></span> <span class='ocrx_word' id='word_1_328' title='bbox 901 3486 971 3556; x_wconf 89' lang='lat' dir='ltr'><strong>tuis</strong></span> <span class='ocrx_word' id='word_1_329' title='bbox 984 3485 1096 3555; x_wconf 90' lang='lat' dir='ltr'><strong>literis</strong></span> <span class='ocrx_word' id='word_1_330' title='bbox 1109 3485 1152 3554; x_wconf 88' lang='lat' dir='ltr'><strong>ad</strong></span> <span class='ocrx_word' id='word_1_331' title='bbox 1169 3505 1235 3552; x_wconf 91' lang='lat' dir='ltr'><strong>nos</strong></span> 
     </span>
     <span class='ocr_line' id='line_1_33' title="bbox 246 3577 1234 3684; baseline 0 -25"><span class='ocrx_word' id='word_1_332' title='bbox 246 3587 423 3674; x_wconf 89' lang='lat' dir='ltr'><strong>dimittas,</strong></span> <span class='ocrx_word' id='word_1_333' title='bbox 457 3601 490 3659; x_wconf 90' lang='lat' dir='ltr'><strong>et</strong></span> <span class='ocrx_word' id='word_1_334' title='bbox 512 3577 691 3678; x_wconf 84' lang='lat' dir='ltr'><strong>parentem</strong></span> <span class='ocrx_word' id='word_1_335' title='bbox 715 3581 859 3684; x_wconf 81' lang='lat' dir='ltr'><strong>quoque</strong></span> <span class='ocrx_word' id='word_1_336' title='bbox 873 3601 912 3658; x_wconf 90' lang='lat' dir='ltr'><strong>ut</strong></span> <span class='ocrx_word' id='word_1_337' title='bbox 927 3587 1057 3658; x_wconf 88' lang='lat' dir='ltr'><strong>scribat</strong></span> <span class='ocrx_word' id='word_1_338' title='bbox 1071 3581 1234 3659; x_wconf 88' lang='lat' dir='ltr'><strong>horteris.</strong></span> 
     </span>
     <span class='ocr_line' id='line_1_34' title="bbox 246 3683 1233 3792; baseline -0.005 -32"><span class='ocrx_word' id='word_1_339' title='bbox 246 3687 372 3761; x_wconf 85' lang='lat' dir='ltr'><strong>Preces</strong></span> <span class='ocrx_word' id='word_1_340' title='bbox 393 3687 498 3760; x_wconf 89' lang='lat' dir='ltr'><strong>etiam</strong></span> <span class='ocrx_word' id='word_1_341' title='bbox 519 3689 630 3780; x_wconf 87' lang='lat' dir='ltr'><strong>magis</strong></span> <span class='ocrx_word' id='word_1_342' title='bbox 652 3713 747 3760; x_wconf 89' lang='lat' dir='ltr'><strong>nunc</strong></span> <span class='ocrx_word' id='word_1_343' title='bbox 762 3689 911 3778; x_wconf 89' lang='lat' dir='ltr'><strong>acuetis,</strong></span> <span class='ocrx_word' id='word_1_344' title='bbox 942 3683 1021 3792; x_wconf 82' lang='lat' dir='ltr'><strong>cum</strong></span> <span class='ocrx_word' id='word_1_345' title='bbox 1037 3687 1233 3783; x_wconf 80' lang='lat' dir='ltr'><strong>periculum</strong></span> 
     </span>
     <span class='ocr_line' id='line_1_35' title="bbox 248 3791 819 3866; baseline 0.007 -5"><span class='ocrx_word' id='word_1_346' title='bbox 248 3813 436 3863; x_wconf 89' lang='lat' dir='ltr'><strong>commune</strong></span> <span class='ocrx_word' id='word_1_347' title='bbox 453 3791 498 3862; x_wconf 91' lang='lat' dir='ltr'><strong>ob</strong></span> <span class='ocrx_word' id='word_1_348' title='bbox 514 3792 635 3862; x_wconf 93' lang='lat' dir='ltr'><strong>oculos</strong></span> <span class='ocrx_word' id='word_1_349' title='bbox 650 3803 819 3866; x_wconf 86' lang='lat' dir='ltr'><strong>versetur.</strong></span> 
     </span>
    </p>
   </div>
   <div class='ocr_carea' id='block_1_4' title="bbox 260 4151 456 4228">
    <p class='ocr_par' dir='ltr' id='par_1_5' title="bbox 260 4151 456 4228">
     <span class='ocr_line' id='line_1_36' title="bbox 260 4151 456 4228; baseline 0.005 -4"><span class='ocrx_word' id='word_1_350' title='bbox 260 4153 328 4227; x_wconf 91' lang='lat' dir='ltr'><strong>No.</strong></span> <span class='ocrx_word' id='word_1_351' title='bbox 342 4151 456 4228; x_wconf 80' lang='lat' dir='ltr'><strong>esst.</strong></span> 
     </span>
    </p>
   </div>
   <div class='ocr_carea' id='block_1_5' title="bbox 252 4250 466 4290">
    <p class='ocr_par' dir='ltr' id='par_1_6' title="bbox 252 4250 466 4290">
     <span class='ocr_line' id='line_1_37' title="bbox 252 4250 466 4290; baseline 0 -6"><span class='ocrx_word' id='word_1_352' title='bbox 252 4250 466 4290; x_wconf 50' lang='grc' dir='ltr'><strong>Μ</strong></span> 
     </span>
    </p>
   </div>
   <div class='ocr_carea' id='block_1_6' title="bbox 404 4291 999 4473">
    <p class='ocr_par' dir='ltr' id='par_1_7' title="bbox 404 4291 999 4473">
     <span class='ocr_line' id='line_1_38' title="bbox 404 4291 999 4473; baseline 0 -33"><span class='ocrx_word' id='word_1_353' title='bbox 404 4461 412 4473; x_wconf 45' lang='lat'><strong>,</strong></span> <span class='ocrx_word' id='word_1_354' title='bbox 486 4291 741 4442; x_wconf 74' lang='lat' dir='ltr'><strong>Vinariens.</strong></span> <span class='ocrx_word' id='word_1_355' title='bbox 770 4355 835 4441; x_wconf 80' lang='lat' dir='ltr'><strong>ad</strong></span> <span class='ocrx_word' id='word_1_356' title='bbox 862 4353 915 4440; x_wconf 90' lang='grc' dir='ltr'><strong>Ν.</strong></span> <span class='ocrx_word' id='word_1_357' title='bbox 946 4355 999 4440; x_wconf 86' lang='grc' dir='ltr'><strong>Ν.</strong></span> 
     </span>
    </p>
   </div>
   <div class='ocr_carea' id='block_1_7' title="bbox 1078 4154 1211 4237">
    <p class='ocr_par' dir='ltr' id='par_1_8' title="bbox 1078 4154 1211 4237">
     <span class='ocr_line' id='line_1_39' title="bbox 1078 4154 1211 4237; baseline -0.053 -12"><span class='ocrx_word' id='word_1_358' title='bbox 1078 4163 1111 4225; x_wconf 81' lang='lat'><strong>8·</strong></span> <span class='ocrx_word' id='word_1_359' title='bbox 1125 4154 1211 4237; x_wconf 86' lang='lat' dir='ltr'><strong>Sept.</strong></span> 
     </span>
    </p>
   </div>
   <div class='ocr_carea' id='block_1_8' title="bbox 1055 4245 1227 4276">
    <p class='ocr_par' dir='ltr' id='par_1_9' title="bbox 1055 4245 1227 4276">
     <span class='ocr_line' id='line_1_40' title="bbox 1055 4245 1227 4276; baseline -0.023 0"><span class='ocrx_word' id='word_1_360' title='bbox 1055 4245 1227 4276; x_wconf 57' lang='lat' dir='ltr'><strong>*m</strong></span> 
     </span>
    </p>
   </div>
   <div class='ocr_carea' id='block_1_9' title="bbox 250 4514 2093 4870">
    <p class='ocr_par' dir='ltr' id='par_1_10' title="bbox 250 4514 2093 4870">
     <span class='ocr_line' id='line_1_41' title="bbox 319 4514 2084 4656; baseline -0.002 -83"><span class='ocrx_word' id='word_1_361' title='bbox 319 4514 800 4632; x_wconf 56' lang='lat' dir='ltr'><strong>†Eixapogr.incod.Guelpberb.</strong></span> <span class='ocrx_word' id='word_1_362' title='bbox 815 4517 843 4572; x_wconf 89' lang='lat' dir='ltr'><strong>itt</strong></span> <span class='ocrx_word' id='word_1_363' title='bbox 858 4515 909 4576; x_wconf 83' lang='lat' dir='ltr'><strong>tot.</strong></span> <span class='ocrx_word' id='word_1_364' title='bbox 926 4515 1057 4624; x_wconf 82' lang='lat' dir='ltr'><strong>Nq.7.9.</strong></span> <span class='ocrx_word' id='word_1_365' title='bbox 1077 4533 1102 4587; x_wconf 84' lang='lat' dir='ltr'><strong>p.</strong></span> <span class='ocrx_word' id='word_1_366' title='bbox 1116 4515 1189 4611; x_wconf 53' lang='grc' dir='ltr'><strong>41].Ι</strong></span> <span class='ocrx_word' id='word_1_367' title='bbox 1235 4602 1239 4613; x_wconf 38' lang='grc' dir='ltr'>Ι</span> <span class='ocrx_word' id='word_1_368' title='bbox 1297 4557 1300 4563; x_wconf 89' lang='grc'><strong>-</strong></span> <span class='ocrx_word' id='word_1_369' title='bbox 1356 4540 1415 4656; x_wconf 50' lang='lat' dir='ltr'>m</span> <span class='ocrx_word' id='word_1_370' title='bbox 1447 4562 1510 4653; x_wconf 43' lang='grc' dir='ltr'><strong>...Η</strong></span> <span class='ocrx_word' id='word_1_371' title='bbox 1637 4556 1769 4654; x_wconf 37' lang='lat' dir='ltr'><strong>&#39;b&#39;chs‘</strong></span> <span class='ocrx_word' id='word_1_372' title='bbox 1845 4561 1956 4652; x_wconf 26' lang='lat' dir='ltr'><strong>&#39;Pu</strong></span> <span class='ocrx_word' id='word_1_373' title='bbox 2017 4556 2084 4650; x_wconf 27' lang='lat' dir='ltr'><strong>m·</strong></span> 
     </span>
     <span class='ocr_line' id='line_1_42' title="bbox 250 4615 2093 4776; baseline -0.002 -31"><span class='ocrx_word' id='word_1_374' title='bbox 250 4671 802 4776; x_wconf 62' lang='lat' dir='ltr'><strong>(Epistola,1ouldeestinscriptlo</strong></span> <span class='ocrx_word' id='word_1_375' title='bbox 830 4685 1237 4764; x_wconf 68' lang='lat' dir='ltr'><strong>etndmensubstriptntu5</strong></span> <span class='ocrx_word' id='word_1_376' title='bbox 1295 4704 1299 4717; x_wconf 70' lang='grc'><em>’</em></span> <span class='ocrx_word' id='word_1_377' title='bbox 1361 4615 1714 4723; x_wconf 56' lang='grc' dir='ltr'><strong>·ἠω“”οψ1’ωω·“·η’</strong></span> <span class='ocrx_word' id='word_1_378' title='bbox 1757 4615 1857 4654; x_wconf 42' lang='lat' dir='ltr'><strong>lm·</strong></span> <span class='ocrx_word' id='word_1_379' title='bbox 1901 4641 1927 4674; x_wconf 25' lang='grc' dir='ltr'><strong>η</strong></span> <span class='ocrx_word' id='word_1_380' title='bbox 1975 4615 2003 4672; x_wconf 77' lang='lat' dir='ltr'><strong>P·</strong></span> <span class='ocrx_word' id='word_1_381' title='bbox 2070 4629 2093 4670; x_wconf 89' lang='lat'><strong>·.</strong></span> 
     </span>
     <span class='ocr_line' id='line_1_43' title="bbox 250 4783 1240 4870; baseline -0.003 -21"><span class='ocrx_word' id='word_1_382' title='bbox 250 4791 370 4870; x_wconf 77' lang='lat' dir='ltr'><strong>scripta·</strong></span> <span class='ocrx_word' id='word_1_383' title='bbox 380 4784 436 4849; x_wconf 80' lang='lat' dir='ltr'><strong>est&#39;·</strong></span> <span class='ocrx_word' id='word_1_384' title='bbox 448 4791 481 4849; x_wconf 84' lang='lat' dir='ltr'><strong>in</strong></span> <span class='ocrx_word' id='word_1_385' title='bbox 492 4783 827 4852; x_wconf 63' lang='lat' dir='ltr'><strong>‹coaventawaruat</strong></span> <span class='ocrx_word' id='word_1_386' title='bbox 843 4809 860 4849; x_wconf 86' lang='lat' dir='ltr'><strong>a</strong></span> <span class='ocrx_word' id='word_1_387' title='bbox 876 4785 1035 4869; x_wconf 80' lang='lat' dir='ltr'><strong>Theologo</strong></span> <span class='ocrx_word' id='word_1_388' title='bbox 1050 4783 1240 4865; x_wconf 78' lang='lat' dir='ltr'><strong>Vindrieusi,⁸</strong></span> 
     </span>
    </p>
   </div>
   <div class='ocr_carea' id='block_1_10' title="bbox 1094 4871 2247 5007">
    <p class='ocr_par' dir='ltr' id='par_1_11' title="bbox 1094 4871 2247 5007">
     <span class='ocr_line' id='line_1_44' title="bbox 1094 4871 2247 5007; baseline -0.019 -21"><span class='ocrx_word' id='word_1_389' title='bbox 1094 4909 1134 4932; x_wconf 85' lang='lat'><strong>&#39;&#39;&#39;</strong></span> <span class='ocrx_word' id='word_1_390' title='bbox 1152 4924 1157 4932; x_wconf 90' lang='lat'>&#39;</span> <span class='ocrx_word' id='word_1_391' title='bbox 1265 4874 1557 5001; x_wconf 56' lang='lat' dir='ltr'><strong>,Reieien&#39;t&#39;le‘i&#39;i&#39;</strong></span> <span class='ocrx_word' id='word_1_392' title='bbox 1570 4893 1836 5007; x_wconf 52' lang='lat' dir='ltr'><strong>Jetc‘iiarissime</strong></span> <span class='ocrx_word' id='word_1_393' title='bbox 1851 4885 1972 4980; x_wconf 76' lang='lat' dir='ltr'><strong>irater.¹</strong></span> <span class='ocrx_word' id='word_1_394' title='bbox 2011 4871 2079 4977; x_wconf 83' lang='lat' dir='ltr'><strong>llic</strong></span> <span class='ocrx_word' id='word_1_395' title='bbox 2097 4889 2247 4992; x_wconf 81' lang='lat' dir='ltr'><strong>Septb.5.</strong></span> 
     </span>
    </p>
   </div>
   <div class='ocr_carea' id='block_1_11' title="bbox 378 4887 994 4990">
    <p class='ocr_par' dir='ltr' id='par_1_12' title="bbox 378 4883 994 4990">
     <span class='ocr_line' id='line_1_45' title="bbox 378 4887 994 4990; baseline 0.011 -44"><span class='ocrx_word' id='word_1_396' title='bbox 378 4901 409 4934; x_wconf 70' lang='grc' dir='ltr'><strong><em>ἰ</em></strong></span> <span class='ocrx_word' id='word_1_397' title='bbox 477 4965 484 4990; x_wconf 47' lang='grc'>,</span> <span class='ocrx_word' id='word_1_398' title='bbox 542 4895 591 4952; x_wconf 82' lang='lat' dir='ltr'><strong>vel</strong></span> <span class='ocrx_word' id='word_1_399' title='bbox 604 4911 624 4980; x_wconf 34' lang='lat' dir='ltr'><strong>&#39;a</strong></span> <span class='ocrx_word' id='word_1_400' title='bbox 639 4890 757 4952; x_wconf 80' lang='lat' dir='ltr'><strong>Racilio</strong></span> <span class='ocrx_word' id='word_1_401' title='bbox 770 4887 942 4981; x_wconf 58' lang='lat' dir='ltr'><strong>Monstras.)</strong></span> <span class='ocrx_word' id='word_1_402' title='bbox 990 4904 994 4913; x_wconf 84' lang='lat'><em>&#39;</em></span> 
     </span>
    </p>
   </div>
   <div class='ocr_carea' id='block_1_12' title="bbox 249 4994 1524 5130">
    <p class='ocr_par' dir='ltr' id='par_1_13' title="bbox 249 4994 1524 5130">
     <span class='ocr_line' id='line_1_46' title="bbox 249 4994 1524 5130; baseline -0.023 -21"><span class='ocrx_word' id='word_1_403' title='bbox 249 5001 298 5116; x_wconf 64' lang='lat' dir='ltr'><strong>se</strong></span> <span class='ocrx_word' id='word_1_404' title='bbox 323 5001 546 5117; x_wconf 62' lang='lat' dir='ltr'><strong>,Cllatlffilme</strong></span> <span class='ocrx_word' id='word_1_405' title='bbox 568 5000 712 5120; x_wconf 71' lang='lat' dir='ltr'><strong>tltllnlne</strong></span> <span class='ocrx_word' id='word_1_406' title='bbox 736 4999 945 5130; x_wconf 47' lang='lat' dir='ltr'><strong>totllp&#39;nter,⁸</strong></span> <span class='ocrx_word' id='word_1_407' title='bbox 977 5029 1059 5130; x_wconf 81' lang='lat' dir='ltr'><strong>Quo</strong></span> <span class='ocrx_word' id='word_1_408' title='bbox 1083 5031 1123 5101; x_wconf 80' lang='lat' dir='ltr'><strong>in</strong></span> <span class='ocrx_word' id='word_1_409' title='bbox 1137 5021 1237 5102; x_wconf 58' lang='lat' dir='ltr'><strong>&#39;ptam</strong></span> <span class='ocrx_word' id='word_1_410' title='bbox 1283 4994 1420 5105; x_wconf 58' lang='lat' dir='ltr'><strong>{illimus</strong></span> <span class='ocrx_word' id='word_1_411' title='bbox 1434 5035 1524 5115; x_wconf 66' lang='lat' dir='ltr'><strong>cong</strong></span> 
     </span>
    </p>
   </div>
   <div class='ocr_carea' id='block_1_13' title="bbox 248 5117 1239 5240">
    <p class='ocr_par' dir='ltr' id='par_1_14' title="bbox 248 5117 1239 5240">
     <span class='ocr_line' id='line_1_47' title="bbox 248 5117 1239 5240; baseline -0.007 -32"><span class='ocrx_word' id='word_1_412' title='bbox 248 5162 304 5238; x_wconf 79' lang='lat' dir='ltr'><strong>res</strong></span> <span class='ocrx_word' id='word_1_413' title='bbox 321 5122 485 5221; x_wconf 79' lang='lat' dir='ltr'><strong>nostrae,</strong></span> <span class='ocrx_word' id='word_1_414' title='bbox 511 5135 583 5210; x_wconf 87' lang='lat' dir='ltr'><strong>imo</strong></span> <span class='ocrx_word' id='word_1_415' title='bbox 600 5119 709 5240; x_wconf 76' lang='lat' dir='ltr'><strong>totius</strong></span> <span class='ocrx_word' id='word_1_416' title='bbox 722 5117 898 5234; x_wconf 69' lang='lat' dir='ltr'><strong>Ecclesiae</strong></span> <span class='ocrx_word' id='word_1_417' title='bbox 916 5129 1050 5209; x_wconf 87' lang='lat' dir='ltr'><strong>Christi</strong></span> <span class='ocrx_word' id='word_1_418' title='bbox 1068 5131 1138 5202; x_wconf 90' lang='lat' dir='ltr'><strong>iam</strong></span> <span class='ocrx_word' id='word_1_419' title='bbox 1156 5133 1239 5222; x_wconf 76' lang='lat' dir='ltr'><strong>sint,</strong></span> 
     </span>
    </p>
   </div>
   <div class='ocr_carea' id='block_1_14' title="bbox 248 5290 454 5320">
    <p class='ocr_par' dir='ltr' id='par_1_15' title="bbox 248 5290 454 5320">
     <span class='ocr_line' id='line_1_48' title="bbox 248 5290 454 5320; baseline 0.005 -14"><span class='ocrx_word' id='word_1_420' title='bbox 248 5290 454 5320; x_wconf 52' lang='grc' dir='ltr'><strong>Μ,</strong></span> 
     </span>
    </p>
   </div>
   <div class='ocr_carea' id='block_1_15' title="bbox 250 5315 1077 5462">
    <p class='ocr_par' dir='ltr' id='par_1_16' title="bbox 250 5315 1077 5462">
     <span class='ocr_line' id='line_1_49' title="bbox 250 5315 1077 5462; baseline 0.022 -29"><span class='ocrx_word' id='word_1_421' title='bbox 250 5315 865 5462; x_wconf 37' lang='lat' dir='ltr'><strong>percunctante-armaretur</strong></span> <span class='ocrx_word' id='word_1_422' title='bbox 877 5365 1023 5440; x_wconf 62' lang='lat' dir='ltr'><strong>eteu-</strong></span> <span class='ocrx_word' id='word_1_423' title='bbox 1060 5417 1077 5439; x_wconf 78' lang='lat'><strong>·.</strong></span> 
     </span>
    </p>
   </div>
   <div class='ocr_carea' id='block_1_16' title="bbox 1263 5094 2245 5312">
    <p class='ocr_par' dir='ltr' id='par_1_17' title="bbox 1263 5094 2245 5312">
     <span class='ocr_line' id='line_1_50' title="bbox 1282 5094 1854 5204; baseline -0.005 -20"><span class='ocrx_word' id='word_1_424' title='bbox 1282 5094 1512 5204; x_wconf 58' lang='lat' dir='ltr'><strong>estsuper.</strong></span> <span class='ocrx_word' id='word_1_425' title='bbox 1533 5097 1730 5184; x_wconf 67' lang='lat' dir='ltr'><strong>&#39;tastum</strong></span> <span class='ocrx_word' id='word_1_426' title='bbox 1749 5101 1854 5197; x_wconf 64' lang='lat' dir='ltr'><strong>‘suae</strong></span> 
     </span>
     <span class='ocr_line' id='line_1_51' title="bbox 1263 5205 2245 5312; baseline -0.021 -15"><span class='ocrx_word' id='word_1_427' title='bbox 1263 5217 1458 5307; x_wconf 73' lang='lat' dir='ltr'><strong>iugorum.</strong></span> <span class='ocrx_word' id='word_1_428' title='bbox 1523 5213 1594 5288; x_wconf 86' lang='lat' dir='ltr'><strong>llic</strong></span> <span class='ocrx_word' id='word_1_429' title='bbox 1625 5241 1737 5312; x_wconf 87' lang='lat' dir='ltr'><strong>quum</strong></span> <span class='ocrx_word' id='word_1_430' title='bbox 1771 5217 1856 5286; x_wconf 91' lang='lat' dir='ltr'><strong>iussi</strong></span> <span class='ocrx_word' id='word_1_431' title='bbox 1882 5234 2036 5284; x_wconf 86' lang='lat' dir='ltr'><strong>essemus</strong></span> <span class='ocrx_word' id='word_1_432' title='bbox 2060 5205 2245 5278; x_wconf 67' lang='lat' dir='ltr'><strong>seiherus</strong></span> 
     </span>
    </p>
   </div>
   <div class='ocr_carea' id='block_1_17' title="bbox 1284 2057 2244 3783">
    <p class='ocr_par' dir='ltr' id='par_1_18' title="bbox 1284 2057 2244 3783">
     <span class='ocr_line' id='line_1_52' title="bbox 1284 2057 2240 2156; baseline -0.002 -28"><span class='ocrx_word' id='word_1_433' title='bbox 1284 2062 1521 2150; x_wconf 81' lang='lat' dir='ltr'><strong>complexam,</strong></span> <span class='ocrx_word' id='word_1_434' title='bbox 1555 2064 1592 2132; x_wconf 91' lang='lat' dir='ltr'><strong>in</strong></span> <span class='ocrx_word' id='word_1_435' title='bbox 1610 2088 1678 2156; x_wconf 89' lang='lat' dir='ltr'><strong>qua</strong></span> <span class='ocrx_word' id='word_1_436' title='bbox 1695 2067 1834 2137; x_wconf 82' lang='lat' dir='ltr'><strong>decreta</strong></span> <span class='ocrx_word' id='word_1_437' title='bbox 1850 2087 1932 2132; x_wconf 88' lang='lat' dir='ltr'><strong>cnm</strong></span> <span class='ocrx_word' id='word_1_438' title='bbox 1947 2059 2150 2133; x_wconf 75' lang='lat' dir='ltr'><strong>Tridentini</strong></span> <span class='ocrx_word' id='word_1_439' title='bbox 2166 2057 2240 2130; x_wconf 83' lang='lat' dir='ltr'><strong>Con·</strong></span> 
     </span>
     <span class='ocr_line' id='line_1_53' title="bbox 1284 2157 2240 2258; baseline -0.002 -30"><span class='ocrx_word' id='word_1_440' title='bbox 1284 2163 1358 2230; x_wconf 88' lang='lat' dir='ltr'><strong>cilii</strong></span> <span class='ocrx_word' id='word_1_441' title='bbox 1388 2177 1464 2234; x_wconf 90' lang='lat' dir='ltr'><strong>tum</strong></span> <span class='ocrx_word' id='word_1_442' title='bbox 1487 2161 1686 2256; x_wconf 81' lang='lat' dir='ltr'><strong>Augustani</strong></span> <span class='ocrx_word' id='word_1_443' title='bbox 1717 2165 1818 2246; x_wconf 90' lang='lat' dir='ltr'><strong>libri,</strong></span> <span class='ocrx_word' id='word_1_444' title='bbox 1859 2187 1964 2258; x_wconf 90' lang='lat' dir='ltr'><strong>quem</strong></span> <span class='ocrx_word' id='word_1_445' title='bbox 1994 2157 2145 2232; x_wconf 82' lang='lat' dir='ltr'><strong>Interim</strong></span> <span class='ocrx_word' id='word_1_446' title='bbox 2165 2161 2240 2252; x_wconf 87' lang='lat' dir='ltr'><strong>apel-</strong></span> 
     </span>
     <span class='ocr_line' id='line_1_54' title="bbox 1285 2266 2239 2356; baseline -0.005 -24"><span class='ocrx_word' id='word_1_447' title='bbox 1285 2266 1378 2350; x_wconf 92' lang='lat' dir='ltr'><strong>lant,</strong></span> <span class='ocrx_word' id='word_1_448' title='bbox 1403 2279 1437 2336; x_wconf 86' lang='lat' dir='ltr'><strong>et</strong></span> <span class='ocrx_word' id='word_1_449' title='bbox 1463 2281 1639 2356; x_wconf 88' lang='lat' dir='ltr'><strong>praeterea</strong></span> <span class='ocrx_word' id='word_1_450' title='bbox 1662 2289 1784 2337; x_wconf 87' lang='lat' dir='ltr'><strong>ornnes</strong></span> <span class='ocrx_word' id='word_1_451' title='bbox 1808 2268 1962 2338; x_wconf 88' lang='lat' dir='ltr'><strong>actiones</strong></span> <span class='ocrx_word' id='word_1_452' title='bbox 1976 2277 2165 2356; x_wconf 81' lang='lat' dir='ltr'><strong>pugnantes</strong></span> <span class='ocrx_word' id='word_1_453' title='bbox 2179 2285 2239 2331; x_wconf 83' lang='lat' dir='ltr'><strong>cunt</strong></span> 
     </span>
     <span class='ocr_line' id='line_1_55' title="bbox 1286 2363 2239 2462; baseline -0.007 -27"><span class='ocrx_word' id='word_1_454' title='bbox 1286 2365 1489 2457; x_wconf 80' lang='lat' dir='ltr'><strong>Angustana</strong></span> <span class='ocrx_word' id='word_1_455' title='bbox 1532 2369 1771 2454; x_wconf 89' lang='lat' dir='ltr'><strong>consessione,</strong></span> <span class='ocrx_word' id='word_1_456' title='bbox 1822 2363 2005 2462; x_wconf 81' lang='lat' dir='ltr'><strong>Apologia</strong></span> <span class='ocrx_word' id='word_1_457' title='bbox 2046 2380 2079 2436; x_wconf 91' lang='lat' dir='ltr'><strong>et</strong></span> <span class='ocrx_word' id='word_1_458' title='bbox 2114 2364 2239 2436; x_wconf 86' lang='lat' dir='ltr'><strong>articulis</strong></span> 
     </span>
     <span class='ocr_line' id='line_1_56' title="bbox 1284 2463 2235 2556; baseline -0.008 -17"><span class='ocrx_word' id='word_1_459' title='bbox 1284 2463 1572 2540; x_wconf 81' lang='lat' dir='ltr'><strong>Schmalcalclicis</strong></span> <span class='ocrx_word' id='word_1_460' title='bbox 1588 2474 1859 2556; x_wconf 88' lang='lat' dir='ltr'><strong>damnarentur,</strong></span> <span class='ocrx_word' id='word_1_461' title='bbox 1885 2483 1919 2542; x_wconf 91' lang='lat' dir='ltr'><strong>et</strong></span> <span class='ocrx_word' id='word_1_462' title='bbox 1934 2481 2055 2540; x_wconf 87' lang='lat' dir='ltr'><strong>astute</strong></span> <span class='ocrx_word' id='word_1_463' title='bbox 2068 2467 2235 2538; x_wconf 81' lang='lat' dir='ltr'><strong>extenuabat</strong></span> 
     </span>
     <span class='ocr_line' id='line_1_57' title="bbox 1286 2563 2238 2662; baseline -0.006 -24"><span class='ocrx_word' id='word_1_464' title='bbox 1286 2563 1599 2662; x_wconf 75' lang='lat' dir='ltr'><strong>aldiaphorismum</strong></span> <span class='ocrx_word' id='word_1_465' title='bbox 1632 2587 1666 2644; x_wconf 92' lang='lat' dir='ltr'><strong>et</strong></span> <span class='ocrx_word' id='word_1_466' title='bbox 1687 2568 1948 2645; x_wconf 86' lang='lat' dir='ltr'><strong>Maiorismum.</strong></span> <span class='ocrx_word' id='word_1_467' title='bbox 2022 2567 2238 2658; x_wconf 79' lang='lat' dir='ltr'><strong>Ztsinglianis·</strong></span> 
     </span>
     <span class='ocr_line' id='line_1_58' title="bbox 1288 2673 2238 2765; baseline -0.004 -27"><span class='ocrx_word' id='word_1_468' title='bbox 1288 2697 1384 2741; x_wconf 86' lang='lat' dir='ltr'><strong>mum</strong></span> <span class='ocrx_word' id='word_1_469' title='bbox 1397 2689 1480 2742; x_wconf 75' lang='lat' dir='ltr'><strong>&#39;non</strong></span> <span class='ocrx_word' id='word_1_470' title='bbox 1507 2673 1746 2765; x_wconf 86' lang='lat' dir='ltr'><strong>improbabat,</strong></span> <span class='ocrx_word' id='word_1_471' title='bbox 1773 2675 1832 2744; x_wconf 86' lang='lat' dir='ltr'><strong>secl</strong></span> <span class='ocrx_word' id='word_1_472' title='bbox 1852 2695 1933 2745; x_wconf 87' lang='lat' dir='ltr'><strong>curn</strong></span> <span class='ocrx_word' id='word_1_473' title='bbox 1950 2677 2052 2765; x_wconf 85' lang='lat' dir='ltr'><strong>apud</strong></span> <span class='ocrx_word' id='word_1_474' title='bbox 2069 2673 2180 2743; x_wconf 86' lang='lat' dir='ltr'><strong>multas</strong></span> <span class='ocrx_word' id='word_1_475' title='bbox 2191 2691 2238 2736; x_wconf 84' lang='lat' dir='ltr'><strong>nn·</strong></span> 
     </span>
     <span class='ocr_line' id='line_1_59' title="bbox 1287 2771 2241 2868; baseline -0.002 -27"><span class='ocrx_word' id='word_1_476' title='bbox 1287 2775 1399 2844; x_wconf 90' lang='lat' dir='ltr'><strong>tiones</strong></span> <span class='ocrx_word' id='word_1_477' title='bbox 1439 2775 1556 2845; x_wconf 88' lang='lat' dir='ltr'><strong>variae</strong></span> <span class='ocrx_word' id='word_1_478' title='bbox 1595 2777 1665 2848; x_wconf 89' lang='lat' dir='ltr'><strong>sint</strong></span> <span class='ocrx_word' id='word_1_479' title='bbox 1706 2775 1911 2868; x_wconf 88' lang='lat' dir='ltr'><strong>opiniones,</strong></span> <span class='ocrx_word' id='word_1_480' title='bbox 1950 2787 2115 2866; x_wconf 90' lang='lat' dir='ltr'><strong>oportere</strong></span> <span class='ocrx_word' id='word_1_481' title='bbox 2148 2771 2241 2864; x_wconf 82' lang='lat' dir='ltr'><strong>ptam</strong></span> 
     </span>
     <span class='ocr_line' id='line_1_60' title="bbox 1286 2876 2241 2964; baseline -0.003 -20"><span class='ocrx_word' id='word_1_482' title='bbox 1286 2877 1399 2946; x_wconf 88' lang='lat' dir='ltr'><strong>bonos</strong></span> <span class='ocrx_word' id='word_1_483' title='bbox 1425 2891 1458 2946; x_wconf 90' lang='lat' dir='ltr'><strong>et</strong></span> <span class='ocrx_word' id='word_1_484' title='bbox 1488 2879 1646 2948; x_wconf 91' lang='lat' dir='ltr'><strong>eruditos</strong></span> <span class='ocrx_word' id='word_1_485' title='bbox 1672 2876 1882 2962; x_wconf 85' lang='lat' dir='ltr'><strong>coxrvenire,</strong></span> <span class='ocrx_word' id='word_1_486' title='bbox 1918 2891 1951 2949; x_wconf 89' lang='lat' dir='ltr'><strong>et</strong></span> <span class='ocrx_word' id='word_1_487' title='bbox 1973 2881 2024 2948; x_wconf 88' lang='lat' dir='ltr'><strong>de</strong></span> <span class='ocrx_word' id='word_1_488' title='bbox 2046 2903 2086 2948; x_wconf 92' lang='lat' dir='ltr'><strong>eo</strong></span> <span class='ocrx_word' id='word_1_489' title='bbox 2110 2879 2241 2964; x_wconf 82' lang='lat' dir='ltr'><strong>dogmate</strong></span> 
     </span>
     <span class='ocr_line' id='line_1_61' title="bbox 1284 2975 2240 3068; baseline -0.005 -22"><span class='ocrx_word' id='word_1_490' title='bbox 1284 3001 1493 3068; x_wconf 83' lang='lat' dir='ltr'><strong>cognoscere</strong></span> <span class='ocrx_word' id='word_1_491' title='bbox 1518 2993 1552 3050; x_wconf 87' lang='lat' dir='ltr'><strong>et</strong></span> <span class='ocrx_word' id='word_1_492' title='bbox 1574 2979 1779 3056; x_wconf 88' lang='lat' dir='ltr'><strong>diiudicare.</strong></span> <span class='ocrx_word' id='word_1_493' title='bbox 1830 2979 1899 3051; x_wconf 89' lang='lat' dir='ltr'><strong>Sed</strong></span> <span class='ocrx_word' id='word_1_494' title='bbox 1925 2975 2020 3054; x_wconf 89' lang='lat' dir='ltr'><strong>milti</strong></span> <span class='ocrx_word' id='word_1_495' title='bbox 2043 2979 2110 3049; x_wconf 84' lang='lat' dir='ltr'><strong>iam</strong></span> <span class='ocrx_word' id='word_1_496' title='bbox 2132 2995 2240 3068; x_wconf 88' lang='lat' dir='ltr'><strong>perne·</strong></span> 
     </span>
     <span class='ocr_line' id='line_1_62' title="bbox 1285 3075 2241 3180; baseline 0.006 -32"><span class='ocrx_word' id='word_1_497' title='bbox 1285 3081 1450 3154; x_wconf 89' lang='lat' dir='ltr'><strong>cessarias</strong></span> <span class='ocrx_word' id='word_1_498' title='bbox 1471 3085 1717 3174; x_wconf 88' lang='lat' dir='ltr'><strong>occupationes</strong></span> <span class='ocrx_word' id='word_1_499' title='bbox 1733 3075 1771 3180; x_wconf 60' lang='lat'><strong>³)</strong></span> <span class='ocrx_word' id='word_1_500' title='bbox 1796 3083 1896 3174; x_wconf 88' lang='lat' dir='ltr'><strong>plura</strong></span> <span class='ocrx_word' id='word_1_501' title='bbox 1925 3107 2069 3165; x_wconf 85' lang='lat' dir='ltr'><strong>eoram,</strong></span> <span class='ocrx_word' id='word_1_502' title='bbox 2101 3097 2135 3149; x_wconf 93' lang='lat' dir='ltr'><strong>ut</strong></span> <span class='ocrx_word' id='word_1_503' title='bbox 2155 3099 2241 3167; x_wconf 76' lang='lat' dir='ltr'><strong>spero·</strong></span> 
     </span>
     <span class='ocr_line' id='line_1_63' title="bbox 1286 3181 2241 3257; baseline -0.008 -7"><span class='ocrx_word' id='word_1_504' title='bbox 1286 3181 1385 3251; x_wconf 91' lang='lat' dir='ltr'><strong>brevi</strong></span> <span class='ocrx_word' id='word_1_505' title='bbox 1408 3181 1539 3257; x_wconf 89' lang='lat' dir='ltr'><strong>audies.</strong></span> <span class='ocrx_word' id='word_1_506' title='bbox 1600 3183 1787 3255; x_wconf 87' lang='lat' dir='ltr'><strong>Proximus</strong></span> <span class='ocrx_word' id='word_1_507' title='bbox 1812 3184 1888 3254; x_wconf 90' lang='lat' dir='ltr'><strong>dies</strong></span> <span class='ocrx_word' id='word_1_508' title='bbox 1910 3184 2061 3256; x_wconf 89' lang='lat' dir='ltr'><strong>Sabbati</strong></span> <span class='ocrx_word' id='word_1_509' title='bbox 2085 3181 2187 3251; x_wconf 84' lang='lat' dir='ltr'><strong>dictus</strong></span> <span class='ocrx_word' id='word_1_510' title='bbox 2205 3187 2241 3242; x_wconf 85' lang='lat' dir='ltr'><strong>cst</strong></span> 
     </span>
     <span class='ocr_line' id='line_1_64' title="bbox 1285 3279 2242 3380; baseline -0.011 -27"><span class='ocrx_word' id='word_1_511' title='bbox 1285 3285 1329 3353; x_wconf 91' lang='lat' dir='ltr'><strong>ad</strong></span> <span class='ocrx_word' id='word_1_512' title='bbox 1348 3279 1587 3356; x_wconf 83' lang='lat' dir='ltr'><strong>inchoandum</strong></span> <span class='ocrx_word' id='word_1_513' title='bbox 1607 3311 1687 3358; x_wconf 90' lang='lat' dir='ltr'><strong>cum</strong></span> <span class='ocrx_word' id='word_1_514' title='bbox 1706 3287 1850 3380; x_wconf 89' lang='lat' dir='ltr'><strong>papistis</strong></span> <span class='ocrx_word' id='word_1_515' title='bbox 1868 3283 2109 3380; x_wconf 84' lang='lat' dir='ltr'><strong>colloquium,</strong></span> <span class='ocrx_word' id='word_1_516' title='bbox 2133 3279 2182 3351; x_wconf 93' lang='lat' dir='ltr'><strong>cui</strong></span> <span class='ocrx_word' id='word_1_517' title='bbox 2196 3297 2242 3345; x_wconf 89' lang='lat' dir='ltr'><strong>nos</strong></span> 
     </span>
     <span class='ocr_line' id='line_1_65' title="bbox 1288 3375 2242 3480; baseline -0.001 -26"><span class='ocrx_word' id='word_1_518' title='bbox 1288 3389 1378 3455; x_wconf 77' lang='lat' dir='ltr'><strong>laona</strong></span> <span class='ocrx_word' id='word_1_519' title='bbox 1411 3386 1621 3460; x_wconf 86' lang='lat' dir='ltr'><strong>cortscientia</strong></span> <span class='ocrx_word' id='word_1_520' title='bbox 1654 3413 1726 3458; x_wconf 93' lang='lat' dir='ltr'><strong>non</strong></span> <span class='ocrx_word' id='word_1_521' title='bbox 1756 3391 2155 3480; x_wconf 83' lang='lat' dir='ltr'><strong>possumnsiuteresse,</strong></span> <span class='ocrx_word' id='word_1_522' title='bbox 2191 3375 2242 3448; x_wconf 73' lang='lat' dir='ltr'><strong>niti</strong></span> 
     </span>
     <span class='ocr_line' id='line_1_66' title="bbox 1289 3477 2242 3584; baseline -0.007 -32"><span class='ocrx_word' id='word_1_523' title='bbox 1289 3489 1384 3578; x_wconf 87' lang='lat' dir='ltr'><strong>prius</strong></span> <span class='ocrx_word' id='word_1_524' title='bbox 1406 3513 1424 3557; x_wconf 91' lang='lat' dir='ltr'><strong>a</strong></span> <span class='ocrx_word' id='word_1_525' title='bbox 1450 3489 1608 3582; x_wconf 90' lang='lat' dir='ltr'><strong>principe</strong></span> <span class='ocrx_word' id='word_1_526' title='bbox 1625 3489 1831 3582; x_wconf 81' lang='lat' dir='ltr'><strong>responsum</strong></span> <span class='ocrx_word' id='word_1_527' title='bbox 1847 3490 2104 3584; x_wconf 87' lang='lat' dir='ltr'><strong>acceperimus,</strong></span> <span class='ocrx_word' id='word_1_528' title='bbox 2134 3477 2242 3554; x_wconf 86' lang='lat' dir='ltr'><strong>etiamsi</strong></span> 
     </span>
     <span class='ocr_line' id='line_1_67' title="bbox 1286 3583 2243 3664; baseline -0.009 -7"><span class='ocrx_word' id='word_1_529' title='bbox 1286 3591 1422 3659; x_wconf 89' lang='lat' dir='ltr'><strong>caelum</strong></span> <span class='ocrx_word' id='word_1_530' title='bbox 1450 3615 1552 3661; x_wconf 85' lang='lat' dir='ltr'><strong>rtrere</strong></span> <span class='ocrx_word' id='word_1_531' title='bbox 1580 3594 1753 3662; x_wconf 84' lang='lat' dir='ltr'><strong>videatur.</strong></span> <span class='ocrx_word' id='word_1_532' title='bbox 1811 3587 1908 3662; x_wconf 85' lang='lat' dir='ltr'><strong>Deus</strong></span> <span class='ocrx_word' id='word_1_533' title='bbox 1939 3598 2056 3664; x_wconf 83' lang='lat' dir='ltr'><strong>se&#39;rvet</strong></span> <span class='ocrx_word' id='word_1_534' title='bbox 2079 3583 2243 3660; x_wconf 83' lang='lat' dir='ltr'><strong>Ecclesiam</strong></span> 
     </span>
     <span class='ocr_line' id='line_1_68' title="bbox 1287 3681 2244 3783; baseline -0.001 -24"><span class='ocrx_word' id='word_1_535' title='bbox 1287 3716 1384 3760; x_wconf 85' lang='lat' dir='ltr'><strong>suam</strong></span> <span class='ocrx_word' id='word_1_536' title='bbox 1411 3693 1449 3760; x_wconf 91' lang='lat' dir='ltr'><strong>in</strong></span> <span class='ocrx_word' id='word_1_537' title='bbox 1473 3694 1625 3783; x_wconf 88' lang='lat' dir='ltr'><strong>puritate</strong></span> <span class='ocrx_word' id='word_1_538' title='bbox 1646 3696 1848 3776; x_wconf 87' lang='lat' dir='ltr'><strong>doctrinae,</strong></span> <span class='ocrx_word' id='word_1_539' title='bbox 1879 3709 1914 3764; x_wconf 86' lang='lat' dir='ltr'><strong>et</strong></span> <span class='ocrx_word' id='word_1_540' title='bbox 1939 3719 2007 3765; x_wconf 90' lang='lat' dir='ltr'><strong>nos</strong></span> <span class='ocrx_word' id='word_1_541' title='bbox 2036 3713 2169 3770; x_wconf 90' lang='lat' dir='ltr'><strong>omues,</strong></span> <span class='ocrx_word' id='word_1_542' title='bbox 2197 3681 2244 3778; x_wconf 73' lang='lat' dir='ltr'><strong>qui</strong></span> 
     </span>
    </p>
   </div>
   <div class='ocr_carea' id='block_1_18' title="bbox 1212 3791 2245 3889">
    <p class='ocr_par' dir='ltr' id='par_1_19' title="bbox 1212 3791 2245 3889">
     <span class='ocr_line' id='line_1_69' title="bbox 1212 3791 2245 3889; baseline -0.007 -27"><span class='ocrx_word' id='word_1_543' title='bbox 1212 3855 1217 3862; x_wconf 92' lang='lat'><strong>.</strong></span> <span class='ocrx_word' id='word_1_544' title='bbox 1287 3817 1467 3864; x_wconf 88' lang='lat' dir='ltr'><strong>versamur</strong></span> <span class='ocrx_word' id='word_1_545' title='bbox 1484 3795 1520 3863; x_wconf 92' lang='lat' dir='ltr'><strong>in</strong></span> <span class='ocrx_word' id='word_1_546' title='bbox 1535 3796 1694 3866; x_wconf 84' lang='lat' dir='ltr'><strong>maximis</strong></span> <span class='ocrx_word' id='word_1_547' title='bbox 1707 3795 1883 3888; x_wconf 85' lang='lat' dir='ltr'><strong>periculis.</strong></span> <span class='ocrx_word' id='word_1_548' title='bbox 1933 3795 2080 3889; x_wconf 87' lang='lat' dir='ltr'><strong>Raptim</strong></span> <span class='ocrx_word' id='word_1_549' title='bbox 2095 3791 2245 3861; x_wconf 86' lang='lat' dir='ltr'><strong>Wonm·</strong></span> 
     </span>
    </p>
   </div>
   <div class='ocr_carea' id='block_1_19' title="bbox 1286 3895 2247 4126">
    <p class='ocr_par' dir='ltr' id='par_1_20' title="bbox 1286 3895 2247 4126">
     <span class='ocr_line' id='line_1_70' title="bbox 1286 3895 1848 3989; baseline 0.011 -25"><span class='ocrx_word' id='word_1_550' title='bbox 1286 3897 1359 3966; x_wconf 86' lang='lat' dir='ltr'><strong>ciac</strong></span> <span class='ocrx_word' id='word_1_551' title='bbox 1373 3896 1396 3965; x_wconf 84' lang='lat'>8</span> <span class='ocrx_word' id='word_1_552' title='bbox 1411 3896 1607 3989; x_wconf 90' lang='lat' dir='ltr'><strong>Septembr.</strong></span> <span class='ocrx_word' id='word_1_553' title='bbox 1626 3923 1720 3968; x_wconf 90' lang='lat' dir='ltr'><strong>anno</strong></span> <span class='ocrx_word' id='word_1_554' title='bbox 1737 3895 1848 3974; x_wconf 78' lang='lat'><strong>15⁵7.</strong></span> 
     </span>
     <span class='ocr_line' id='line_1_71' title="bbox 1288 4071 2247 4126; baseline 0.006 -8"><span class='ocrx_word' id='word_1_555' title='bbox 1288 4071 2247 4126; x_wconf 50' lang='lat' dir='ltr'><strong>..mmm-...M</strong></span> 
     </span>
    </p>
   </div>
   <div class='ocr_carea' id='block_1_20' title="bbox 1287 4231 1483 4307">
    <p class='ocr_par' dir='ltr' id='par_1_21' title="bbox 1287 4231 1483 4307">
     <span class='ocr_line' id='line_1_72' title="bbox 1287 4231 1483 4307; baseline 0.026 -6"><span class='ocrx_word' id='word_1_556' title='bbox 1287 4231 1353 4307; x_wconf 90' lang='lat' dir='ltr'><strong>No.</strong></span> <span class='ocrx_word' id='word_1_557' title='bbox 1369 4233 1483 4306; x_wconf 79' lang='grc'><strong>6338.</strong></span> 
     </span>
    </p>
   </div>
   <div class='ocr_carea' id='block_1_21' title="bbox 1292 4328 1464 4357">
    <p class='ocr_par' dir='ltr' id='par_1_22' title="bbox 1292 4328 1464 4357">
     <span class='ocr_line' id='line_1_73' title="bbox 1292 4328 1464 4357; baseline 0 -1"><span class='ocrx_word' id='word_1_558' title='bbox 1292 4328 1464 4357; x_wconf 57' lang='lat' dir='ltr'><strong>m</strong></span> 
     </span>
    </p>
   </div>
   <div class='ocr_carea' id='block_1_22' title="bbox 2097 4233 2233 4310">
    <p class='ocr_par' dir='ltr' id='par_1_23' title="bbox 2097 4233 2233 4310">
     <span class='ocr_line' id='line_1_74' title="bbox 2097 4233 2233 4310; baseline -0.044 -16"><span class='ocrx_word' id='word_1_559' title='bbox 2097 4245 2148 4306; x_wconf 79' lang='lat'><strong>¹0·</strong></span> <span class='ocrx_word' id='word_1_560' title='bbox 2164 4233 2233 4310; x_wconf 78' lang='lat' dir='ltr'><strong>Sept.</strong></span> 
     </span>
    </p>
   </div>
   <div class='ocr_carea' id='block_1_23' title="bbox 1492 4363 2025 4573">
    <p class='ocr_par' dir='ltr' id='par_1_24' title="bbox 1492 4363 2074 4573">
     <span class='ocr_line' id='line_1_75' title="bbox 1492 4363 2025 4573; baseline -0.003 -52"><span class='ocrx_word' id='word_1_561' title='bbox 1492 4513 1498 4556; x_wconf 85' lang='lat'><strong>·.</strong></span> <span class='ocrx_word' id='word_1_562' title='bbox 1552 4435 1613 4573; x_wconf 71' lang='grc' dir='ltr'><strong>ᾼ.</strong></span> <span class='ocrx_word' id='word_1_563' title='bbox 1640 4363 2025 4568; x_wconf 35' lang='grc' dir='ltr'><strong>ῌανᾶεπρξνςξο..</strong></span> 
     </span>
    </p>
   </div>
   <div class='ocr_carea' id='block_1_24' title="bbox 1309 4704 2116 4874">
    <p class='ocr_par' dir='ltr' id='par_1_25' title="bbox 1309 4704 2116 4874">
     <span class='ocr_line' id='line_1_76' title="bbox 1309 4704 2116 4874; baseline 0.002 -47"><span class='ocrx_word' id='word_1_564' title='bbox 1309 4787 1325 4824; x_wconf 79' lang='lat' dir='ltr'><strong>a</strong></span> <span class='ocrx_word' id='word_1_565' title='bbox 1344 4802 1362 4847; x_wconf 58' lang='lat'><strong>‚·</strong></span> <span class='ocrx_word' id='word_1_566' title='bbox 1387 4777 1404 4828; x_wconf 79' lang='lat' dir='ltr'><strong>t·</strong></span> <span class='ocrx_word' id='word_1_567' title='bbox 1464 4704 1678 4874; x_wconf 59' lang='lat' dir='ltr'><strong>faentina</strong></span> <span class='ocrx_word' id='word_1_568' title='bbox 1699 4706 2082 4853; x_wconf 60' lang='lat' dir='ltr'><strong>Haracetum.</strong></span> <span class='ocrx_word' id='word_1_569' title='bbox 2101 4792 2116 4820; x_wconf 56' lang='grc' dir='ltr'>κ</span> 
     </span>
    </p>
   </div>
   <div class='ocr_carea' id='block_1_25' title="bbox 1527 4991 2247 5183">
    <p class='ocr_par' dir='ltr' id='par_1_26' title="bbox 1527 4991 2247 5183">
     <span class='ocr_line' id='line_1_77' title="bbox 1527 4991 2247 5107; baseline -0.025 -27"><span class='ocrx_word' id='word_1_570' title='bbox 1527 4991 1767 5107; x_wconf 58' lang='lat' dir='ltr'><strong>ressus&#39;laictus</strong></span> <span class='ocrx_word' id='word_1_571' title='bbox 1781 5025 1833 5082; x_wconf 90' lang='lat' dir='ltr'><strong>est</strong></span> <span class='ocrx_word' id='word_1_572' title='bbox 1848 5027 1991 5089; x_wconf 81' lang='lat' dir='ltr'><strong>eorum,</strong></span> <span class='ocrx_word' id='word_1_573' title='bbox 2018 5004 2079 5100; x_wconf 90' lang='lat' dir='ltr'><strong>qui</strong></span> <span class='ocrx_word' id='word_1_574' title='bbox 2089 5002 2118 5074; x_wconf 89' lang='lat' dir='ltr'><strong>&#39;a</strong></span> <span class='ocrx_word' id='word_1_575' title='bbox 2136 4993 2247 5088; x_wconf 74' lang='lat' dir='ltr'><strong>nostris</strong></span> 
     </span>
     <span class='ocr_line' id='line_1_78' title="bbox 1737 5093 2246 5183; baseline -0.053 6"><span class='ocrx_word' id='word_1_576' title='bbox 1737 5097 1741 5110; x_wconf 88' lang='lat'>&#39;</span> <span class='ocrx_word' id='word_1_577' title='bbox 1886 5108 2071 5183; x_wconf 75' lang='lat' dir='ltr'><strong>nanterum</strong></span> <span class='ocrx_word' id='word_1_578' title='bbox 2091 5119 2123 5176; x_wconf 76' lang='lat' dir='ltr'><strong>a</strong></span> <span class='ocrx_word' id='word_1_579' title='bbox 2144 5093 2246 5170; x_wconf 66' lang='lat' dir='ltr'><strong>rua</strong></span> 
     </span>
    </p>
   </div>
   <div class='ocr_carea' id='block_1_26' title="bbox 1281 5370 1489 5392">
    <p class='ocr_par' dir='ltr' id='par_1_27' title="bbox 1281 5370 1489 5392">
     <span class='ocr_line' id='line_1_79' title="bbox 1281 5370 1489 5392; baseline -0.029 0"><span class='ocrx_word' id='word_1_580' title='bbox 1281 5370 1489 5392; x_wconf 50' lang='lat' dir='ltr'><strong>”m</strong></span> 
     </span>
    </p>
   </div>
   <div class='ocr_carea' id='block_1_27' title="bbox 281 5405 2191 5546">
    <p class='ocr_par' dir='ltr' id='par_1_28' title="bbox 281 5405 2191 5546">
     <span class='ocr_line' id='line_1_80' title="bbox 281 5405 2191 5546; baseline -0.016 -33"><span class='ocrx_word' id='word_1_581' title='bbox 281 5455 329 5527; x_wconf 64' lang='lat' dir='ltr'><strong>”l</strong></span> <span class='ocrx_word' id='word_1_582' title='bbox 345 5455 540 5526; x_wconf 69' lang='lat' dir='ltr'><strong>Deucsorttet</strong></span> <span class='ocrx_word' id='word_1_583' title='bbox 556 5455 637 5514; x_wconf 82' lang='lat' dir='ltr'><strong>etiam</strong></span> <span class='ocrx_word' id='word_1_584' title='bbox 649 5453 717 5512; x_wconf 82' lang='lat' dir='ltr'><strong>baec</strong></span> <span class='ocrx_word' id='word_1_585' title='bbox 730 5452 937 5546; x_wconf 63' lang='lat' dir='ltr'><strong>miqqencloec</strong></span> <span class='ocrx_word' id='word_1_586' title='bbox 950 5451 1049 5526; x_wconf 71' lang='lat' dir='ltr'><strong>scripte</strong></span> <span class='ocrx_word' id='word_1_587' title='bbox 1059 5426 1143 5508; x_wconf 82' lang='lat' dir='ltr'><strong>ettrrt.¹</strong></span> <span class='ocrx_word' id='word_1_588' title='bbox 1161 5420 1165 5431; x_wconf 91' lang='lat'><strong>.</strong></span> <span class='ocrx_word' id='word_1_589' title='bbox 1219 5434 1222 5440; x_wconf 62' lang='grc'>’</span> <span class='ocrx_word' id='word_1_590' title='bbox 1253 5405 1266 5522; x_wconf 74' lang='lat' dir='ltr'><strong>l</strong></span> <span class='ocrx_word' id='word_1_591' title='bbox 1317 5445 1348 5514; x_wconf 69' lang='lat' dir='ltr'><strong>‘l</strong></span> <span class='ocrx_word' id='word_1_592' title='bbox 1366 5443 1473 5502; x_wconf 75' lang='lat' dir='ltr'><strong>Excidit</strong></span> <span class='ocrx_word' id='word_1_593' title='bbox 1485 5443 1529 5504; x_wconf 77' lang='lat' dir='ltr'><strong>bii</strong></span> <span class='ocrx_word' id='word_1_594' title='bbox 1541 5409 1645 5516; x_wconf 52' lang='lat' dir='ltr'><strong>atterite</strong></span> <span class='ocrx_word' id='word_1_595' title='bbox 1653 5431 1756 5509; x_wconf 73' lang='lat' dir='ltr'><strong>5¹iertt</strong></span> <span class='ocrx_word' id='word_1_596' title='bbox 1772 5439 1918 5513; x_wconf 64' lang='lat' dir='ltr'><strong>prom</strong></span> <span class='ocrx_word' id='word_1_597' title='bbox 1927 5432 2051 5494; x_wconf 63' lang='lat' dir='ltr'><strong>uerbere</strong></span> <span class='ocrx_word' id='word_1_598' title='bbox 2062 5447 2119 5488; x_wconf 78' lang='lat' dir='ltr'><strong>non</strong></span> <span class='ocrx_word' id='word_1_599' title='bbox 2129 5431 2191 5483; x_wconf 76' lang='lat' dir='ltr'><strong>ticet.</strong></span> 
     </span>
    </p>
   </div>
   <div class='ocr_carea' id='block_1_28' title="bbox 0 0 2377 6196">
    <p class='ocr_par' dir='ltr' id='par_1_29' title="bbox 0 0 2377 6196">
     <span class='ocr_line' id='line_1_81' title="bbox 0 0 2377 6196; baseline 0 0"><span class='ocrx_word' id='word_1_600' title='bbox 0 0 2377 6196; x_wconf 95' lang='lat' dir='ltr'><strong> </strong></span> 
     </span>
    </p>
   </div>
  </div>
 </body>
</html>
