4722 6198
105 313 178 392 us
660 275 1105 387 aarsrttn'antist
1153 288 1260 382 uia.
1286 286 1408 386 rins
1441 295 1573 384 1s'5t.
2062 313 2138 390 ast

104 508 184 578 erga
209 505 275 556 vot
294 481 337 557 e't
354 471 494 556 caumata
509 487 611 557 istam
627 471 847 558 ¹voluntatem
860 467 1024 556 unaue
1040 479 1095 548 la·
1140 471 1342 570 sistimus,
1374 459 1531 577 qiiidqne
1551 483 1792 573 effecerimus,
1821 473 1919 560 scia·
1949 481 2026 580 Ego
2051 511 2135 575 pro-

103 611 200 674 cere,
233 601 270 658 et
290 590 436 658 dunum
460 587 540 658 Deo
562 609 604 658 ac
623 587 859 660 eonscientiae
880 592 986 655 m'eae
994 583 1097 654 tatis-
1148 581 1240 652 tecto
1259 584 1376 652 meam
1395 587 1645 656 conscientiam
1661 588 1813 675 violavi,
1838 583 2001 660 etlleum
2019 582 2136 660 offen-

99 695 218 764 laoere
234 691 390 759 onmiso
406 691 503 764 volo.
758 727 763 737 ·
898 687 903 698 '
1148 683 1198 755 dl.
1250 679 1351 754 idem
1374 680 1628 784 Westplsalas
1652 685 1741 760 naht
1765 693 1812 762 de
1836 715 1896 761 sua
1919 691 2134 766 consciuuia

203 783 457 888 Miltppus]
492 793 574 862 ideo
602 791 733 878 emtus,
769 803 810 862 nt
835 813 899 880 ego
923 786 1096 878 suspicor,
1148 795 1292 878 qaeestus
1313 799 1376 862 est.
1425 785 1524 877 Quid
1549 791 1611 861 alii
1632 793 1676 861 d'e
1699 813 1763 860 aaa
1783 793 2002 864 couscientia
2015 815 2135 865 sense-

98 892 285 988 proleetus
316 907 387 976 eu,
418 907 460 966 ut
479 907 583 966 tanto
600 894 721 965 minus
743 893 913 984 temporis
938 885 1096 961 habeatis
1147 886 1239 978 rint,
1270 889 1505 984 ipsinnorunt.
1563 887 1633 963 Hic
1657 907 1774 963 tamen
1801 896 1991 989 qrriequam
2013 897 2134 968 offeci..

96 995 234 1088 mardi
260 1015 343 1064 cum
365 1017 408 1064 eo
432 998 476 1064 de
496 996 667 1066 tollendis
686 995 889 1066 domesticis
903 991 1096 1076 erroribus,
1147 1010 1242 1074 mus,
1267 991 1337 1060 nisi
1361 992 1501 1064 utilius
1524 991 1562 1063 in
1578 1017 1640 1064 sua
1656 1007 1746 1066 tetra
1764 993 2031 1088 impoenitentia
2047 1021 2135 1070 con-

95 1099 163 1194 qui
193 1111 320 1168 umen
340 1095 371 1166 si
390 1119 465 1168 non
487 1097 678 1184 tollentur,
712 1098 827 1194 qualis
855 1097 902 1167 sit
930 1093 1094 1165 ecclesiae
1146 1090 1367 1164 amaremus
1388 1105 1422 1164 et
1446 1094 1587 1185 piorum
1610 1099 1718 1167 corda
1740 1121 1780 1168 ac
1797 1095 1911 1169 Deum
1932 1099 2134 1170 offendere·
2261 1091 2265 1096 ’

95 1213 213 1272 uatus
233 1197 378 1269 iuturus
398 1195 564 1270 haerente
585 1200 624 1269 in
645 1201 722 1270 eius
744 1200 938 1270 visceribus
954 1219 1094 1268 veneno
1147 1215 1237 1265 mus.
1288 1191 1409 1284 Quare
1431 1219 1571 1266 necesse
1596 1211 1665 1282 est,
1698 1221 1765 1269 nos
1789 1195 1953 1293 posthac,
1986 1199 2142 1273 abiectis

94 1304 169 1374 isso
195 1299 302 1372 fache
322 1301 604 1392 supermissae.
660 1300 731 1374 sed
753 1302 814 1371 ille
837 1315 915 1372 tum
939 1299 1095 1389 ignomi-
1145 1293 1312 1364 omnihus
1351 1295 1620 1391 prosopolipsiis
1661 1313 1801 1391 patmm
1837 1327 1878 1372 ac
1914 1303 2064 1374 fratrum
2097 1319 2134 1373 ct

93 1405 200 1475 uiam
217 1391 403 1498 quandam
418 1415 572 1500 veretur,
598 1415 676 1474 tum
695 1404 841 1475 suorum
857 1405 1009 1472 duorum
1025 1399 1094 1468 im·
1145 1396 1313 1466 omnihus
1333 1402 1700 1492 praeceptoritatrhus,
1733 1425 1847 1472 unum
1871 1416 2134 1496 praeceptorem

97 1505 245 1599 piorum
261 1499 470 1574 Electomm
487 1497 576 1574 iram
591 1505 760 1600 aulaque
775 1505 913 1590 metuit,
937 1511 1015 1574 tum
1028 1503 1093 1571 de-
1144 1492 1327 1568 Christum
1347 1500 1449 1595 sequi
1472 1515 1507 1574 et
1527 1524 1640 1573 unum
1660 1504 1775 1574 solum
1791 1503 1906 1575 Deum
1923 1527 1998 1576 non
2015 1507 2135 1598 plures

101 1609 217 1700 nique
230 1607 431 1696 pedagogo
446 1627 511 1676 suo
526 1627 649 1698 parere
665 1607 812 1700 cogitur.
847 1605 969 1677 Liceat
985 1625 1093 1698 quae-
1145 1601 1306 1676 adorare.

108 1731 149 1779 so
165 1703 250 1776 mihi
263 1706 402 1804 aliquid
419 1709 526 1800 paulo
541 1707 688 1780 liberius
704 1733 784 1780 cum
803 1707 848 1783 T.
862 1705 909 1777 H.
930 1701 1006 1806 [tua
1024 1702 1094 1776 hu-
1247 1700 1378 1790 Qualia
1404 1705 1616 1776 damnaret
1641 1699 1872 1778 hortantum
1899 1729 1994 1779 anno
2016 1711 2134 1780 solum

104 1805 292 1908 nranitate]
308 1809 483 1902 colloqui:
508 1813 685 1902 expende,
708 1811 838 1906 quibus
852 1807 1093 1880 doniserudi÷
1143 1801 1202 1872 isti
1217 1795 1413 1920 Bremenst'
1430 1805 1595 1879 ecclesiae
1616 1809 1774 1894 dederit,
1799 1809 1892 1880 nosti
1909 1809 1993 1900 ipse.
2028 1808 2134 1880 Talia

99 1911 229 1995 tionis,
256 1909 393 1994 iudicii,
415 1913 612 1998 facundiae,
638 1909 867 1994 auctoritatis,
893 1909 992 2002 longi
1007 1933 1093 1980 usus
1143 1903 1174 1972 ti
1202 1905 1289 1974 olim
1319 1907 1360 1976 in
1382 1908 1563 2000 primitiva
1586 1909 1727 1981 eeclesia
1753 1911 1906 1994 lecisset,
1949 1913 2134 1982 exarsisset

95 2029 132 2085 et
152 2012 283 2082 aetatis
306 2025 341 2082 te
355 2009 532 2084 Dominus
555 2015 713 2095 ornarit,
740 2037 847 2110 quam
869 2013 976 2082 etiam
990 2035 1092 2102 saepe
1145 2006 1302 2097 proiecto
1323 2009 1370 2078 ita
1389 2009 1486 2079 zelus
1504 2013 1708 2098 doctorum,
1732 2023 1774 2083 ut
1790 2035 1869 2082 eurn
1886 2013 1941 2082 vel
1958 2015 2002 2084 ad
2018 2029 2135 2086 rnatu·

97 2129 130 2188 te
162 2113 406 2183 instrumento
436 2113 475 2182 in
498 2115 735 2208 reprimendis
758 2115 940 2185 erroribus
960 2127 994 2184 et
1016 2113 1092 2182 istis
1143 2129 1219 2176 ram
1243 2111 1495 2198 poeniteutiam
1520 2115 1576 2183 vel
1596 2115 1640 2183 ad
1656 2115 2056 2186 excommunicationem
2071 2117 2136 2184 de·

98 2215 315 2310 perniciosis
335 2209 471 2286 Christi
493 2231 528 2288 et
547 2211 761 2288 Antichriati
783 2215 1093 2290 conciliationibus
1144 2208 1345 2294 duxissent,
1371 2223 1407 2282 et
1421 2213 1576 2306 reliquas
1594 2216 1756 2285 ecclesias
1771 2216 1811 2284 in
1826 2229 2007 2304 posterum
2023 2218 2133 2289 tutio-

98 2319 293 2390 rommude
307 2339 394 2386 usus
409 2317 468 2390 sit.
504 2317 625 2407 Quare
639 2319 709 2388 iam
727 2341 868 2412 quoquc
884 2327 983 2392 tanta
999 2331 1093 2388 sorte
1144 2331 1201 2380 res
1221 2313 1470 2388 reddidissent.
1521 2313 1590 2384 Sed
1612 2337 1680 2386 nos
1704 2315 1775 2384 iam
1799 2317 1987 2406 irigemus3
2014 2320 2136 2413 itaque

101 2419 242 2490 domini
263 2418 318 2490 tui
334 2420 461 2491 lotum
477 2423 643 2494 ardeutsr
662 2421 881 2500 accumulata
898 2420 1092 2514 exigantur.
1144 2411 1257 2482 cuivis
1286 2413 1373 2486 libet
1402 2416 1498 2508 quod
1527 2415 1623 2488 libet.
1682 2414 1844 2510 Namque
1863 2417 2013 2514 quisque
2035 2434 2135 2492 tauta

101 2521 191 2590 Vide
207 2519 341 2610 igitur,
371 2533 412 2590 ut
424 2521 532 2614 paulo
549 2535 630 2614 post
645 2536 680 2594 tc
692 2521 869 2594 Dominus
881 2521 1092 2614 compellare
1144 2513 1292 2586 vulnera
1322 2516 1487 2588 ecclesiae
1515 2515 1583 2587 Dei
1613 2515 1768 2608 infliget,
1815 2519 1901 2614 quia
1930 2521 2133 2592 amnittiam

102 2622 213 2714 possit
241 2621 305 2692 illa
336 2615 690 2696 honorificentissima
723 2619 956 2696 allocutione:
996 2643 1094 2717 euge,
1144 2615 1310 2688 omnihus
1332 2617 1466 2688 mederi
1483 2643 1584 2711 posse
1604 2643 1677 2690 non
1694 2620 1908 2692 mathomus.
1957 2619 2054 2692 Haec
2068 2643 2133 2710 ego

101 2745 196 2796 serva
212 2715 506 2815 bouedfidtlt's.
556 2724 678 2796 Tuum
694 2726 1004 2817 potiusspiritum,
1030 2727 1092 2819 qui
1144 2719 1188 2787 ad
1203 2729 1238 2788 te
1254 2719 1547 2814 liberetanqnam
1564 2724 1609 2791 ad
1625 2723 1782 2793 iratrem.
1828 2719 1887 2793 Tu
1901 2726 2022 2795 omnia
2038 2718 2136 2794 chri·

103 2841 135 2896 et
146 2823 216 2896 Dei
242 2839 315 2910 est,
340 2826 517 2918 sequitur,
543 2850 650 2920 quam
672 2828 823 2898 aliorum
846 2827 1036 2897 lenitiones
1051 2851 1091 2896 ac
1143 2819 1257 2889 stione
1281 2821 1322 2890 in
1346 2823 1530 2894 mulierem
1546 2839 1682 2915 partem
1702 2825 1839 2916 accipe,
1864 2839 1899 2896 et
1913 2849 1998 2896 caeo
2013 2827 2135 2897 oscula

101 2920 334 2998 asmietlmica
364 2927 515 2998 rationis
538 2929 699 3004 consilia.
762 2926 962 3003 Exstimula
986 2943 1093 3002 tentet
1144 2917 1265 2994 Iudae.
1324 2919 1464 2994 Multae
1493 2925 1589 2994 enim
1618 2926 1688 2995 iarn
1715 2949 1858 3020 quoque
1881 2927 2077 2998 blanditiae
2098 2941 2135 2998 ct

100 3053 139 3100 ac
160 3025 282 3098 excita
295 3029 340 3097 ad
354 3027 612 3103 defendendam
627 3053 757 3124 magno
772 3031 847 3101 zelo
864 3032 1009 3102 domum
1027 3031 1093 3100 do·
1144 3023 1373 3095 amicitiaeue
1391 3025 1628 3098 salernitates
1641 3027 1831 3112 dicuntum
1865 3029 1925 3098 sed
1944 3043 2062 3101 tamen
2073 3030 2135 3098 in-

101 3131 209 3216 mini,
238 3129 386 3224 eiusque
409 3131 554 3202 unicum
576 3125 781 3203 thesaurum
804 3145 866 3204 aut
889 3133 1090 3225 depositum
1144 3125 1247 3196 terim
1263 3123 1393 3198 veritat
1407 3121 1543 3200 Christi
1557 3127 1800 3200 miserandum
1816 3129 1855 3200 in
1869 3132 2016 3202 modurn
2029 3131 2134 3206 dehi-

105 3255 203 3304 παι
218 3229 416 3322 religionis,
441 3231 918 3323 sicutTubingaeiecissete
933 3249 1091 3327 tempore
1144 3227 1268 3298 litatur
1290 3229 1583 3322 ctiopprimitur,
1609 3246 1643 3304 et
1662 3232 1739 3324 ipse
1753 3227 1918 3304 Christus
1930 3234 1968 3302 iu
1983 3257 2133 3308 uturum
2210 3225 2213 3235 λ

109 3329 249 3404 interim
273 3353 413 3403 monor
436 3333 476 3404 in
496 3349 615 3405 mente
630 3359 726 3405 anno
742 3332 860 3421 1652,
892 3331 1011 3407 ethos
1027 3361 1091 3408 au·-
1143 3328 1354 3422 Putiilorum
1369 3332 1777 3426 ⁰⁰rdib¹1⁸ffl⁰iiissiii¹i·
2180 3345 2187 3358 ’

104 3435 199 3518 divi,
225 3448 259 3506 et
281 3434 375 3505 sieut
397 3437 658 3523 generosissimi
680 3439 801 3508 leones
822 3451 930 3508 semet
951 3437 1089 3528 flagello
1245 3427 1361 3526 Cupio
1387 3433 1453 3504 tihi
1475 3431 1520 3506 D.
1535 3433 1578 3506 D.
1596 3429 1789 3516 Basiliam
1804 3427 1842 3530 ⁸)
1862 3459 1936 3508 csse
1958 3461 2065 3530 quarn
2079 3437 2135 3506 ia·

99 3538 235 3608 nudas
251 3539 299 3606 ad
322 3537 427 3607 tortia
447 3540 538 3608 fucta
556 3536 791 3608 exstimulant,
841 3536 1019 3610 Domims
1037 3537 1092 3610 le.
1142 3531 1436 3608 miliarissimnm.
1486 3532 1553 3608 Est
1576 3537 1671 3606 euim
1696 3538 1753 3606 vir
1770 3539 1904 3621 bontas,
1930 3539 2011 3628 pius
2027 3552 2134 3608 etac-

96 3659 157 3714 tut
172 3651 210 3712 ts
223 3657 292 3708 auo
308 3651 430 3708 sancto
445 3637 582 3729 Spiritu
596 3653 692 3730 regat
707 3642 751 3710 ad
768 3639 918 3729 gloriam
934 3641 1092 3710 nominis
1143 3633 1219 3702 lum
1242 3635 1381 3704 domini
1403 3630 1549 3714 habens.
1599 3633 1698 3711 Beue
1720 3639 1758 3711 in
1781 3637 1929 3708 domino
1945 3635 2025 3708 lesu
2044 3639 2131 3708 vale.

96 3741 149 3812 sui
180 3755 221 3812 et
245 3737 413 3810 ccclesiae
433 3739 633 3815 utilitatem.
686 3731 815 3812 Amen.
865 3739 1024 3812 Salutate
1045 3739 1091 3813 D.
1143 3732 1320 3805 Dominus
1335 3733 1476 3808 locuste
1491 3759 1556 3824 suo
1570 3753 1693 3810 sancto
1709 3738 1846 3831 Spiritu
1861 3752 1977 3828 regat,
2004 3735 2134 3815 Amen.

98 3841 140 3916 V
136 3839 360 3928 turinum,
392 3835 602 3914 Sarceeium
621 3839 907 3918 ctMorlitmm.¹
966 3841 1091 3915 Valetc
1143 3839 1245 3906 iente
1266 3836 1328 3910 20·
1351 3831 1502 3928 Augusti
1529 3833 1640 3918 1557·
1694 3837 1803 3914 1)ιῦ.
1825 3833 2002 3910 Basilius
2027 3837 2135 3912 habet

94 3943 322 4019 inDomiuo.
375 3939 499 4031 lenae,
524 3947 585 4022 au.
601 3941 751 4037 Augusti
770 3939 880 4020 1557.
1142 3939 1314 4030 quaedam
1336 3939 1484 4033 scripta,
1517 3963 1608 4035 queo
1630 3941 1723 4012 iorte
1746 3942 1833 4014 utile
1856 3941 1924 4014 erit
1948 3957 1983 4014 te
2006 3942 2134 4034 legere.

837 4041 1038 4143 'Illyricas
1146 4037 1233 4109 Vale
1249 4040 1389 4114 iterum.

109 4247 497 4272 mma-no
517 4255 758 4278 -ῠιΓ-ν-αι-ιϋωυοσ
784 4259 861 4270 α-σ--σ
873 4257 1034 4273 -ι-Ὰ--ψ-
1047 4263 1071 4268 --

107 4385 177 4460 Νο.
194 4381 310 4458 6³14.
921 4401 977 4462 ao.
994 4391 1077 4476 Aug.
1151 4375 1219 4451 No.
1233 4375 1346 4450 otta.
1604 4413 1607 4419 ,
1959 4388 2130 4510 Q

102 4486 321 4520 Μ
912 4473 1355 4516 ”m

304 4584 492 4672 dlutius
517 4581 584 4670 ud
612 4585 881 4674 Morlimaaa
1352 4579 1541 4672 attactus
1562 4583 1629 4672 aet
1648 4585 1923 4673 stercutum

165 4751 186 4814 g·
204 4745 242 4800 Er
254 4763 349 4819 apogr.
362 4743 392 4798 in
407 4743 473 4800 uod.
485 4743 654 4818 Guetptsct.
666 4743 696 4800 in
710 4746 759 4802 lot.
780 4746 834 4806 tto,
847 4749 874 4804 7.
886 4747 913 4806 9.
930 4769 956 4822 p,
968 4749 1031 4806 tw,
1209 4741 1232 4810 †
1250 4739 1289 4796 Er
1304 4741 1460 4816 apographo
1473 4746 1501 4800 in
1517 4744 1581 4802 cod.
1594 4729 1760 4818 Guelpherl.
1773 4741 1802 4798 iu
1818 4741 1868 4802 iol.
1886 4741 1976 4801 usa.
1988 4745 2015 4804 9.
2033 4763 2061 4820 p.
2068 4749 2130 4806 ⁴79.

120 4897 325 4974 Florius
359 4897 601 4998 illyricus
628 4899 685 4972 ad
704 4899 759 4979 D.
784 4901 1058 4983 Morlt’nu'm.
1139 4889 1343 4972 Fluctus
1373 4895 1612 4996 Illyricas
1646 4893 1704 4972 ad
1727 4895 1980 4974 Erusmttm
2015 4901 2132 4976 Sor·
2185 4935 2188 4946 ·
2222 4872 2228 4886 ⁴

93 5041 146 5126 S.
178 5048 396 5126 Charissime
412 5051 451 5124 in
464 5047 626 5130 Domino
640 5051 800 5130 hauriet
815 5024 1086 5130 iucludetime.
1545 5023 1720 5079 ‘mum'
2253 5133 2256 5142 ,
2357 5125 2358 5134 ,

94 5157 637 5248 Gaudeothaoqueunacuru
651 5155 788 5250 allisad
806 5149 1084 5252 istttmtquhcn-
1137 5133 1186 5223 S.
1233 5147 1442 5222 Reverendo
1462 5151 1517 5224 vir
1530 5177 1569 5224 ac
1585 5154 1695 5229 statu
1708 5155 1824 5232 unice.
1875 5155 1915 5226 si
1940 5157 2125 5254 qnisquam
2226 5205 2231 5214 ·
2357 5143 2358 5204 3

91 5275 170 5331 tum
200 5259 399 5353 proiectum
422 5280 504 5340 esse,
564 5253 677 5348 Spero
697 5239 854 5336 situlae
879 5243 957 5334 istie
974 5259 1083 5338 talem
1136 5273 1233 5322 nunc
1260 5254 1297 5321 in
1321 5251 1547 5325 ccelesichi
1571 5269 1642 5342 est,
1674 5258 1736 5350 qui
1760 5257 1995 5346 calamitates,
2028 5283 2125 5332 mor·
2357 5235 2358 5318 i

92 5362 359 5452 praestiturum,
384 5354 792 5450 maalemteiulitttrtt'u
809 5353 1083 5432 contra-Osien-
2357 5375 2358 5382 ’

97 5457 204 5534 druna
233 5474 269 5534 et
293 5459 489 5554 paifflpem
513 5462 726 5570 praestitisti.
793 5453 940 5535 Cwitt'
960 5461 1082 5559 apriles
1165 5493 1201 5566 a)
1220 5491 1349 5548 &gum
1369 5469 1550 5555 ,arqgu'm
