4642 6190
82 291 151 366 798
645 285 1081 369 EPISTOLARUM
1133 285 1242 365 Lttt
1274 283 1379 360 xut.
1435 289 1568 366 toas.
2052 291 2129 367 794

82 465 131 540 De
153 459 387 536 Borussiaco
412 465 554 554 negotio
578 463 737 536 intellexi
762 477 859 534 tuam
882 463 1076 534 remsatio-
1135 455 1289 553 Iraclyto
1312 467 1347 528 ct
1373 455 1617 532 Scrms'ssimo
1643 455 1746 558 Regi
1765 455 1808 534 F
1812 461 1855 534 ri
1862 457 2017 536 deriso
2041 461 2125 555 ΙῙ.,

81 593 170 638 nem.
225 565 319 638 l'olo
340 581 458 638 autem
479 568 575 636 inter
598 590 665 636 nos
685 581 864 638 aeternam
881 567 1073 636 amicitiam
1127 557 1465 656 chiDouorum,
1489 559 1735 658 Norwcgior,
1759 559 1969 639 Gothorum
1991 577 2024 638 ct
2043 567 2122 640 He·

80 694 167 758 esse,
192 681 229 743 et
253 669 284 740 si
307 665 398 740 mibi
418 670 517 740 dabit
540 670 633 740 vitae
657 671 775 762 spacia
790 669 952 760 longiora
966 665 1073 752 Deus,
1124 676 1314 752 morum,
1337 661 1445 737 Duri
1465 663 1688 738 Slessiccnsi
1707 678 1740 740 ct
1765 665 1985 758 Holsotioe,
2007 665 2122 742 Prin-

79 773 262 844 declarabo
285 773 392 844 etiam
417 773 701 844 benevolentiam
727 773 758 842 si
787 774 918 866 quibus
947 771 1072 842 officiis

76 891 210 968 potero.
263 877 363 946 Bene
381 889 416 946 et
431 875 583 946 feliciter
596 877 693 960 vale,
717 870 923 946 charissime
937 875 1058 948 frater.

438 1099 720 1112 -0—-————·--·

76 1245 139 1318 No.
156 1243 272 1320 6724.

88 1340 256 1370 w

938 1259 969 1318 1.
991 1247 1067 1330 Apr.

391 1447 442 1534 U.
472 1447 754 1538 Mordeiaeu.
846 1573 851 1582 .

181 1609 264 1680 no,
280 1611 329 1666 us.
346 1609 378 1668 v.
397 1631 425 1684 ,a
437 1612 491 1665 eoo
501 1631 543 1684 aq.

88 1765 242 1840 Uirico
267 1764 526 1855 Mordisin,
561 1761 796 1840 Consiliorio
819 1765 942 1842 Ducis
970 1765 1067 1840 Sar.

510 1868 630 1948 Eleu.

74 2009 121 2094 S.
148 2017 191 2092 D.
243 2017 449 2090 Clarissima
481 2021 556 2100 vir,
594 2036 629 2091 et
661 2019 814 2091 Patrone
849 2015 1065 2094 charissime.

75 2125 255 2194 &rumam
278 2123 529 2214 disputationis
558 2124 663 2194 initio
697 2125 931 2214 complector,
963 2138 999 2195 et
1027 2125 1064 2192 in

77 2227 134 2294 tria
150 2225 311 2293 membra
325 2225 503 2294 distribui.
546 2223 605 2314 Au
623 2227 701 2296 iure
716 2227 839 2297 divino
858 2221 985 2297 habeat
1000 2251 1064 2296 au-

73 2327 247 2396 toritatem
269 2323 362 2418 Papa
384 2329 624 2398 constituendi
648 2327 790 2420 Reges?
839 2325 938 2417 Quid
960 2343 1064 2398 auto-

69 2428 183 2498 ritatis
196 2421 360 2498 hahuerit
373 2424 531 2498 humano
546 2431 623 2500 iure
638 2445 721 2502 ante
737 2431 927 2500 formulam
942 2425 1064 2500 Otho-

69 2529 149 2599 nis?
201 2527 299 2618 Quid
316 2545 503 2626 postquam
517 2525 682 2602 Othonis
703 2533 857 2602 formula
882 2533 970 2602 iacta
988 2533 1064 2602 est?

67 2631 140 2702 Nec
164 2631 242 2700 sine
267 2633 391 2702 dolore
415 2635 557 2705 intueor
582 2635 812 2726 petulantiam
837 2633 1063 2720 Pontificum,

75 2735 131 2828 qui
165 2757 269 2824 saepe
303 2738 541 2808 accenderunt
573 2739 665 2806 bella
700 2738 793 2806 inter
826 2735 1062 2807 Germanicos

74 2835 262 2926 Principes.
312 2833 411 2905 ldem
434 2863 529 2911 nunc
552 2841 590 2910 fit
608 2853 642 2910 et
658 2837 872 2908 Pontificum
896 2853 929 2908 et
947 2837 1060 2934 Syco-

74 2935 281 3030 phantarum
299 2937 432 3008 furiis.''

168 3033 402 3132 Amsdorfius
416 3041 527 3112 edidit
549 3043 730 3125 libellum,
757 3043 795 3110 in
811 3069 882 3138 quo
901 3043 1060 3113 defendit

75 3133 380 3236 Propositionemz'
412 3143 476 3216 Dic
495 3151 590 3235 gutta
615 3143 723 3218 tuero
746 3143 812 3234 fiat
837 3143 980 3238 [biblici
1006 3165 1061 3237 gut

73 3243 241 3338 uetigtrtt:
266 3248 451 3317 contendit
465 3263 557 3317 recte
570 3261 605 3315 et
620 3248 761 3338 proprie
775 3249 825 3316 sic
841 3248 924 3322 dici.
949 3253 1059 3328 †Au·

70 3349 205 3426 dimus,
238 3347 396 3438 captivos
420 3373 460 3420 ex
486 3345 579 3418 Iena
603 3353 773 3418 abductos
795 3373 868 3419 esse
893 3343 938 3420 V
936 3349 1058 3418 ictori-

70 3473 153 3518 num
170 3461 205 3518 et
223 3441 423 3536 Aadream,
450 3465 625 3543 pastorem
641 3448 829 3523 Ecclesiae.
864 3449 924 3523 Sic
939 3467 1059 3522 osten-

69 3553 157 3621 dunt
171 3551 370 3621 voluntates
384 3576 465 3622 suas
481 3553 539 3624 isti
556 3577 715 3622 censores
731 3553 862 3638 nostri,
889 3579 963 3624 non
979 3571 1060 3626 tan-

68 3665 139 3721 tum
158 3675 239 3740 erga
255 3677 340 3738 nos,
366 3657 427 3724 sed
446 3655 551 3724 etiam
567 3678 646 3746 erga
662 3651 822 3748 aliosi).

167 3751 247 3824 Oro
269 3767 385 3826 antem
401 3755 533 3826 Filium
548 3753 637 3840 Dei,
663 3771 701 3828 ut
723 3782 788 3826 nos
809 3759 1001 3848 gubernet,
1024 3774 1056 3828 et

68 3849 127 3924 bas
165 3857 327 3946 regiones
362 3871 531 3948 protegat.
584 3858 726 3929 Mittam
763 3855 829 3930 hac
862 3861 1055 3952 septimana

66 3981 136 4024 eam
155 3981 329 4026 summam
352 3959 617 4052 disputationis,
639 3987 746 4054 quam
770 3985 866 4031 nrrnc
882 3963 997 4032 scribo
1018 3959 1057 4056 ²).

63 4055 204 4128 Deinde
220 4063 263 4128 ad
279 4063 438 4151 singulos
449 4065 616 4134 articulos
631 4067 758 4132 addam
770 4065 892 4134 breves
910 4089 1057 4156 respon·

58 4161 190 4234 siones.
244 4161 342 4234 Beue
359 4165 481 4238 valete.
532 4163 678 4238 Calend.
702 4165 833 4258 aprilis
849 4161 959 4238 1559.

622 4264 812 4362 Philippus
828 4265 1004 4342 Melanth.

927 4621 958 4682 l.
973 4613 1053 4696 Apr.

284 4805 521 4890 Friderico
549 4805 672 4926 3092·
697 4809 822 4894 Dan.

119 4963 1053 5110 urucae.'aaaraaauaaazaam

161 5103 369 5158 Rotermundus
389 5104 460 5160 hane
477 5105 557 5176 epist.
575 5119 770 5180 coguoverunt.
807 5107 978 5180 Descriptam
994 5127 1051 5164 earu

155 5171 253 5230 inveni
269 5173 297 5228 in
310 5174 499 5232 Botomeece.
513 5175 632 5233 Collect.
655 5177 717 5234 Vol.
732 5177 766 5236 ΙΙ.
785 5176 839 5232 No.
853 5177 880 5232 5.

78 5389 105 5454 ι)
128 5387 219 5443 Addit
239 5389 271 5444 Α.
290 5387 327 5440 n.

75 5477 108 5544 2)
135 5477 250 5535 vida.
268 5477 295 5534 9.
315 5481 382 5552 Ape.

1123 769 1199 870 cipi
1212 766 1450 840 Dt'tmorst'oe
1464 779 1540 856 stc,
1565 759 1707 842 Comiti
1720 771 1761 840 iu
1778 764 2010 870 Oldcnburg,
2034 769 2120 844 Do-

1367 870 1471 942 mino
1481 897 1551 944 suo
1566 866 1873 952 Clementissimo.

1120 1025 1220 1109 Vult
1239 1033 1337 1108 Deus
1359 1037 1442 1106 seiri
1465 1037 1566 1108 initia
1588 1041 1734 1126 mundi,
1760 1055 1799 1112 ut
1822 1065 2052 1134 agnoscamus
2071 1045 2116 1115 ab

1121 1139 1198 1234 ipso
1214 1163 1324 1232 genus
1339 1133 1537 1208 humanum
1552 1143 1738 1213 conditum
1755 1167 1838 1228 esse,
1863 1157 1896 1215 et
1912 1145 2116 1236 cogitemus,

1120 1243 1225 1338 quale
1249 1243 1295 1312 sit
1316 1243 1518 1328 eonditum,
1547 1259 1582 1314 et
1606 1245 1651 1314 ad
1675 1271 1765 1340 qnos
1788 1269 1888 1325 usus:
1920 1249 2051 1316 deinde
2074 1263 2115 1322 ut

1119 1347 1288 1424 sciamus,
1315 1347 1495 1440 quomodo
1523 1341 1608 1416 hacc
1629 1363 1808 1439 praestans
1834 1363 1961 1420 natura
1982 1351 2114 1420 disces·
2149 1353 2157 1360 ’

1118 1447 1206 1518 serit
1228 1445 1357 1532 aDeo,
1383 1459 1416 1517 et
1440 1471 1605 1540 oppressa
1631 1451 1678 1519 sit
1697 1467 1840 1542 peccato
1861 1465 1896 1522 et
1919 1465 2052 1538 morte,
2078 1467 2113 1524 et

1118 1551 1216 1620 unde
1237 1549 1283 1618 sit
1316 1549 1440 1638 ingens
1469 1565 1502 1620 et
1526 1551 1696 1621 terribilis
1721 1553 1832 1624 moles
1859 1555 2113 1640 calamitatum,

1118 1677 1188 1746 qua
1210 1675 1320 1742 genus
1342 1645 1539 1722 burrianum
1556 1649 1777 1726 horribiliter
1795 1657 1977 1748 premitur.
2031 1657 2113 1726 Ma·

1117 1755 1213 1824 xime
1232 1777 1318 1823 vero
1340 1753 1422 1822 sciri
1447 1755 1525 1824 vult
1549 1757 1697 1846 primam
1717 1760 2016 1842 consolationem,
2039 1783 2112 1853 qrta

1115 1879 1154 1926 se
1173 1856 1338 1948 patefecit
1361 1853 1456 1926 Deus
1478 1859 1642 1928 conditor
1671 1877 1749 1952 post
1775 1875 1936 1932 nostrum
1961 1861 2111 1952 lapsum,

1116 1972 1153 2028 et
1174 1959 1445 2050 promissionem
1467 1961 1511 2028 de
1535 1961 1608 2029 lilio
1633 1963 1766 2046 edidit,
1801 1963 1985 2032 redditum
2005 1965 2109 2034 iusti·

1116 2061 1203 2130 tiam
1225 2073 1261 2128 et
1284 2061 1393 2130 vitam
1415 2075 1615 2144 aeternam,
1649 2077 1683 2133 et
1706 2089 1747 2134 ex
1774 2059 1838 2134 hac
1854 2067 1982 2134 misera
1996 2089 2110 2137 massa

1116 2175 1235 2231 nostra
1247 2183 1373 2230 rursus
1394 2163 1558 2252 colligere
1571 2160 1766 2236 Ecclesiam
1783 2183 1963 2238 aeternam
1980 2167 2110 2260 coepit.

1114 2262 1255 2333 Deinde
1267 2263 1351 2332 sciri
1368 2264 1446 2336 vult
1458 2266 1667 2336 continuam
1682 2282 1881 2360 temporum
1896 2270 2043 2350 seriem,
2068 2283 2109 2340 ut

1114 2365 1326 2458 aspiciamus
1341 2367 1468 2436 ordine
1484 2369 1733 2458 patefactiones
1746 2372 1886 2442 divinas
1900 2385 1934 2442 et
1948 2372 2109 2442 testimo-

1114 2469 1193 2554 nia,
1227 2493 1318 2562 quae
1340 2471 1458 2538 statim
1481 2471 1527 2538 ab
1552 2469 1656 2540 initio
1679 2469 1775 2542 Deus
1792 2475 1836 2542 de
1859 2495 1932 2542 sese
1950 2475 2108 2544 ostendit

1113 2587 1149 2642 et
1171 2571 1413 2640 discernamus
1433 2573 1632 2658 doctrinas,
1658 2599 1748 2668 quae
1773 2600 1791 2642 a
1811 2575 2108 2668 patefactionibus

1113 2673 1487 2746 divinisdissentiunt.
1540 2673 1688 2767 Propter
1710 2672 1773 2745 ha's
1792 2691 1905 2748 tantas
1923 2701 2043 2747 causas
2068 2679 2107 2748 iu

1113 2773 1271 2847 Ecclesia
1295 2777 1448 2848 servavit
1464 2775 1560 2846 Deus
1582 2795 1811 2848 monumenta
1836 2779 1970 2869 primae
1995 2775 2108 2850 histo-

1112 2879 1197 2950 riae.
1235 2875 1313 2948 Hoc
1328 2879 1537 2949 beneficium
1556 2879 1622 2950 Dei
1641 2905 1742 2972 saepe
1757 2882 1949 2971 cogitemus
1965 2895 2000 2953 et
2017 2883 2108 2971 grati
2145 2895 2149 2902 '

1113 2981 1346 3068 celebremus,
1371 2995 1405 3052 et
1421 2981 1528 3051 simul
1544 2983 1762 3056 voluntatem
1779 2983 1846 3054 Dei
1864 3007 2108 3074 agnoscamus.

1214 3095 1344 3168 Politia
1363 3095 1601 3169 israelitarum
1627 3101 1706 3170 ideo
1730 3115 1762 3170 et
1783 3103 1973 3174 constituta
1992 3115 2027 3173 et
2044 3103 2107 3172 de-

1111 3201 1208 3270 scnsa
1227 3216 1296 3284 est,
1321 3215 1361 3272 ut
1375 3213 1462 3270 essct
1480 3203 1577 3272 velut
1595 3199 1810 3274 bibliotheca
1826 3205 1969 3274 divinae
1993 3199 2107 3276 histo-

1111 3303 1204 3388 riae,
1226 3317 1262 3374 et
1284 3304 1440 3374 ostendit
1464 3303 1558 3374 Deus
1580 3307 1625 3374 de
1650 3329 1723 3376 sese
1743 3308 1929 3378 marrisesta
1946 3307 2106 3376 testimo-

1111 3405 1171 3472 nia
1193 3406 1230 3474 in
1247 3407 1499 3478 constitutione
1517 3421 1553 3474 et
1569 3407 1709 3478 assidua
1729 3411 2012 3498 propugnatione
2029 3409 2106 3478 eius

1112 3506 1273 3598 politiae,
1300 3521 1339 3578 ut
1354 3523 1488 3580 certum
1505 3507 1562 3590 sit,
1587 3509 1784 3577 doctrinam
1801 3511 1839 3577 in
1858 3535 1897 3578 ea
1912 3523 2015 3600 gente
2030 3523 2105 3580 tra-

1111 3609 1222 3678 ditam
1234 3607 1302 3680 Dei
1317 3633 1439 3678 vocem
1459 3633 1543 3682 esse.
1595 3607 1692 3678 Haec
1706 3609 1907 3680 testimonia
1924 3635 2027 3702 saepe
2047 3613 2103 3682 le-

1111 3707 1247 3798 gantur
1264 3725 1297 3781 et
1320 3711 1391 3780 sint
1415 3711 1453 3781 iu
1472 3725 1662 3802 conspectu
1681 3713 1726 3780 ad
1749 3735 1815 3780 nos
1830 3711 2105 3788 confirmandos.

1112 3812 1253 3884 Deinde
1277 3813 1522 3882 consideretur
1542 3813 1733 3882 discrimen
1755 3808 1863 3884 husius
1880 3814 2023 3886 divinae
2045 3811 2103 3886 hi-

1109 3915 1238 3985 storiae
1251 3929 1287 3986 et
1302 3911 1464 3986 ethnicae
1477 3915 1521 3982 de
1534 3913 1765 4006 imperiorum
1780 3917 2018 4002 successione,
2040 3941 2104 3990 cu·

1109 4017 1166 4086 ius
1180 4017 1335 4106 cognitio
1353 4017 1459 4086 etiam
1475 4015 1578 4086 valde
1593 4017 1693 4086 utilis
1709 4029 1773 4088 est.
1809 4015 1879 4088 Sed
1898 4013 2104 4112 prophetica

1109 4119 1266 4190 ostendit
1281 4118 1530 4212 patefactiones
1545 4119 1706 4204 divinas,
1731 4120 1933 4190 testimonia
1952 4123 1996 4190 de
2011 4123 2104 4202 Deo,

1109 4221 1217 4292 tradit
1225 4215 1461 4311 Evangelium
1477 4233 1512 4290 et
1529 4219 1654 4312 legem,
1674 4235 1708 4292 et
1724 4215 1811 4290 haec
1826 4245 1953 4312 genera
1969 4223 2103 4292 doctri-

1110 4347 1237 4392 narum
1260 4323 1449 4406 discernit,
1473 4323 1628 4394 ostendit
1650 4323 1808 4413 exempla
1830 4347 1903 4392 nou
1925 4323 1999 4392 irae
2021 4335 2104 4392 tan-

1108 4438 1183 4496 tum
1198 4425 1259 4494 sed
1276 4425 1384 4496 etiam
1407 4423 1552 4516 gratiae.
1600 4419 1752 4496 Ethnica
1778 4425 1932 4493 ostendit
1953 4423 2104 4494 scelera-

1107 4539 1228 4598 torum
1246 4550 1377 4616 poenas
1392 4537 1427 4596 et
1441 4539 1544 4596 sonat
1559 4520 1651 4596 hanc
1666 4548 1804 4593 vocem:
1829 4519 1974 4592 Discite
1992 4523 2103 4594 iusti-

1107 4627 1200 4698 tiam
1217 4625 1354 4698 moniti
1365 4635 1398 4698 et
1412 4651 1487 4698 non
1506 4635 1659 4696 temnere
1673 4619 1787 4692 dicos.

1208 4743 1300 4818 Cum
1323 4745 1433 4838 igitur
1448 4745 1614 4816 omnibus
1633 4737 1841 4812 homiuibus
1863 4741 2015 4813 maxime
2037 4769 2105 4816 ne-

1106 4849 1253 4920 cessaria
1270 4851 1315 4920 sit
1331 4847 1486 4940 cognitio
1504 4845 1647 4914 divinae
1670 4835 1858 4924 historiae,
1882 4843 2104 4918 laudandum

1106 4965 1159 5022 est
1188 4953 1346 5024 studium
1376 4949 1554 5028 omnium,
1587 4941 1668 5036 qui,
1704 4943 1911 5032 praesertim
1941 4941 2108 5019 adhibita

1105 5077 1188 5124 cura
1205 5055 1496 5126 illustrandarurn
1516 5042 1783 5128 narrationum,
1813 5045 1964 5114 inritant
1983 5041 2110 5118 bomi-

1105 5179 1167 5226 ncs
1192 5159 1336 5228 adeam
1362 5149 1572 5230 lectionem,
1605 5145 1796 5214 autetiam
1824 5145 1977 5234 legentes
1999 5151 2111 5218 adiu-

1107 5271 1205 5330 vant.
1255 5253 1305 5328 Et
1323 5251 1503 5326 excitanda
1527 5259 1581 5318 est
1602 5243 1779 5316 industria
1801 5249 2027 5320 eruditorum
2045 5249 2116 5319 be-

1104 5358 1277 5447 nignitate
1310 5361 1485 5428 bonorum
1510 5347 1801 5438 gubernatorum.
1863 5347 1945 5417 Scio
1977 5361 2121 5435 autem,

1103 5456 1252 5550 Regiam
1267 5457 1489 5530 Maiestatem
1505 5465 1602 5524 tuam
1617 5461 1651 5518 ct
1668 5471 1787 5520 amare
1804 5449 1998 5519 lectionem
2015 5447 2125 5518 divi-
2234 5471 2244 5484 ·
