4738 6186
227 309 298 382 est
778 313 1210 399 EPIS'TOLARUM
1260 327 1369 410 LIB.
1402 335 1506 416 XIII.
1561 339 1693 422 1558.
2196 369 2268 447 632

229 484 345 554 solum
362 485 486 578 populi
500 508 615 572 causa,
633 487 695 557 s'ed
710 487 814 559 etiam
828 505 975 584 propter
988 495 1105 588 ipsum
1114 493 1222 567 Prin·
1277 508 1344 583 No,
1371 511 1484 586 6606,

230 587 483 679 cipemdoleo,
509 613 613 683 quern
630 587 774 680 ingenio
796 606 830 664 et
853 596 1004 666 consilio
1021 599 1137 668 valere
1159 619 1225 670 au·
1285 607 1497 649 ”W
1971 623 1974 630 '

231 690 304 760 dio.
356 688 448 779 Quis
476 691 585 782 igitur
609 683 814 788 Akitopiel
841 709 903 768 aut
922 691 1108 770 Phalaris
1137 695 1229 771 haec·
1504 793 1512 800 ,
1569 698 1724 789 ΙοαοῙι.
1749 707 1966 800 Mollero,

230 792 341 884 impia
363 793 511 874 consilia
531 795 730 883 gubernat?
763 791 841 868 Oro
862 813 981 872 autem
996 799 1129 872 Filium
1146 803 1223 890 Dei,
1344 849 1428 923 Epist
1442 852 1491 913 tib.

231 895 412 966 custodem
428 891 608 966 Ecclesiae
624 921 720 984 suae,
744 914 784 969 ut
801 913 836 970 et
849 906 1019 994 reprimat
1033 903 1130 975 illam
1148 905 1224 1002 Ty-

231 996 437 1082 rannidcm‚
463 1011 499 1067 et
516 999 635 1070 flectat
655 1013 777 1092 pectus
798 1001 974 1097 Principis
997 1009 1043 1076 ad
1067 1023 1224 1082 suamet
1488 1010 1545 1092 D.
1571 1011 1601 1088 I
1605 1014 1817 1094 oachimo
1843 1024 2052 1110 Mollem

232 1098 357 1190 populi
392 1099 553 1174 salutem.
604 1097 673 1172 Dei
705 1103 876 1176 beneficio
910 1109 1046 1200 genesis
1078 1109 1143 1178 lilii
1170 1111 1223 1182 tui

230 1200 504 1290 significationes
521 1203 656 1294 ingenii
673 1219 706 1274 et
723 1206 945 1300 eloquentiae
968 1211 1121 1302 egregias
1136 1237 1223 1283 con-

229 1303 331 1374 tinet.
384 1298 463 1374 Oro
487 1317 605 1376 autem
628 1305 746 1377 Deum
770 1312 991 1382 conditorem
1018 1327 1164 1386 naturae
1190 1328 1224 1386 et

229 1399 428 1492 Ecclesiae,
453 1420 494 1478 ut
519 1429 584 1477 nos
606 1422 640 1479 et
661 1423 793 1498 vestras
810 1413 962 1485 familias
978 1429 1075 1506 regat
1089 1431 1124 1487 et
1138 1442 1223 1510 pro·

229 1521 334 1597 tegat.
385 1505 544 1600 Pagellas
567 1510 636 1580 tibi
658 1511 781 1599 mitto,
804 1541 891 1608 quas
909 1519 1055 1612 quidem
1080 1523 1124 1590 ad
1147 1544 1224 1589 rna-

2113 551 2171 614 27.
2195 543 2276 630 Sept.

2136 637 2273 666 Μ

1505 858 1543 915 ΙΙ.
1561 879 1588 932 p.
1601 861 1661 920 528.
1679 863 1738 936 (ed.
1749 867 1837 927 Lond.
1853 873 1901 933 lib.
1916 875 1953 936 ll.
1967 896 2010 950 cp.
2023 881 2108 954 654.)-

1276 1141 1324 1230 S.
1345 1153 1390 1232 D.
1441 1157 1646 1240 Clarissime
1667 1171 1725 1242 vir
1745 1187 1780 1246 ct
1806 1173 2012 1258 charissime
2033 1190 2170 1282 scater,
2204 1195 2272 1272 Scis

1275 1282 1332 1328 me
1354 1264 1507 1335 maxime
1528 1283 1672 1360 optare,
1697 1289 1737 1346 ut
1751 1302 1874 1353 omnes
1895 1285 1934 1356 in
1950 1283 2122 1365 Ecclesiis
2140 1303 2270 1374 nostris
2351 1303 2352 1314 ’

1272 1385 1389 1438 unum
1411 1365 1522 1438 simus
1544 1371 1583 1440 in
1603 1375 1703 1462 Deo,
1735 1403 1801 1450 nec
1824 1398 1941 1476 potest
1957 1394 2104 1466 retineri
2122 1423 2271 1474 concor·

1275 1463 1334 1533 dia
1349 1464 1425 1535 sinc
1443 1467 1624 1570 ἐπιεικείᾳ.
1677 1475 1761 1550 ldeo
1776 1489 1930 1576 optarim
1945 1488 2142 1570 Hildesios
2169 1505 2270 1578 fuisse

1275 1565 1485 1656 placidiores
1513 1597 1593 1664 erga
1619 1575 1831 1670 Magistrum
1856 1582 2050 1688 Cragium.
2106 1600 2269 1702 Cumque

228 1631 317 1679 num
339 1603 526 1682 habebam·
577 1609 685 1682 Bfffl
716 1629 854 1686 ‘milam
883 1634 1074 1709 ssffli¹⁰¹⁰⁵²
1107 1646 1222 1716 quan*
1276 1669 1351 1761 ipse
1372 1667 1464 1742 mihi
1484 1679 1753 1770 responsionem
1774 1709 1874 1761 suam
1890 1701 2119 1790 ostendisset,
2151 1701 2268 1782 horta-

228 1813 390 1884 exercitia
406 1829 504 1905 grata
520 1839 603 1886 esse.
654 1815 751 1888 Bene
767 1821 866 1909 vale,
893 1837 926 1895 et
940 1824 1104 1898 rescribe.
1154 1823 1222 1898 Die
1274 1783 1331 1890 1¹3⁸
1346 1794 1444 1860 'mm’
1466 1800 1512 1845 ηε
1525 1781 1623 1868 ‘dat’
1650 1786 1712 1854 sed
1728 1811 1807 1860 ¹⁰⁸⁰
1825 1801 1985 1890 e'‘²¹¹¹P10
2002 1815 2126 1879 ῑθΰθθίι
2183 1808 2267 1886 Βῠηι

226 1913 288 1990 a.
306 1914 538 2008 septembris·
592 1913 702 1990 Anno
722 1916 831 1996 155⁸·
1275 1881 2054 2089 ttttttt‘ittt‘tt‘}5t¹¹sstttt⁰ttt
2072 1910 2268 2104 llillll,

230 1735 336 1803 quam
358 1714 429 1782 scio
455 1713 524 1784 tibi
537 1715 810 1812 qualiacumque
829 1721 1056 1812 ingeniorum
1074 1717 1222 1794 honesta

1273 2101 1338 2148 nec
1360 2103 1567 2156 moveamur
1585 2090 1883 2192 κροτοθορύβοις
1905 2105 2013 2197 vulgi.
2064 2109 2181 2187 Nunc
2203 2121 2266 2190 dur
2351 2085 2352 2112 .

903 2173 1218 2193 .--............
1272 2173 1467 2254 Bavariae
1486 2211 1651 2280 magnam
1673 2214 1809 2270 exercet
1823 2205 2005 2278 saevitiam
2028 2231 2187 2308 propter
2207 2223 2263 2292 do-

237 2307 305 2383 ΝΟΙ
323 2305 437 2384 6605ι
884 2327 941 2402 26·
960 2325 1046 2415 Sept.
1072 2329 1121 2412 (h.
1145 2331 1219 2417 a‚?)
1274 2284 1436 2401 etpinam.
1485 2285 1533 2360 lit
1556 2293 1669 2408 edidit
1694 2309 1802 2421 tetros
1830 2308 2017 2428 articulos,
2050 2341 2146 2410 quos
2172 2325 2261 2396 vohis

229 2405 443 2446 mv
865 2420 1222 2468 w
1271 2399 1428 2468 mittam,
1462 2415 1542 2462 cum
1567 2391 1799 2494 'lypographr
1820 2409 2009 2488 ediderint.
2062 2417 2213 2495 Mittam
2233 2441 2260 2498 er

543 2517 594 2604 U
625 2519 904 2615 Mordeigm
1187 2579 1190 2588 y
1271 2487 1352 2560 alia.
1390 2489 1496 2611 Nunc
1514 2519 1643 2616 paucas
1659 2505 1813 2592 pagellas
1829 2511 1873 2579 de
1888 2510 2101 2592 Reverendo
2119 2523 2258 2600 Pastori¹

1270 2603 1393 2661 nostro
1408 2610 1522 2678 muto,
1546 2623 1608 2692 qur
1623 2613 1657 2670 et
1671 2625 1830 2678 socerum
1844 2623 1946 2684 tuum
1962 2633 1994 2690 et
2009 2635 2149 2712 patrem
2167 2643 2254 2700 tuum

326 2689 414 2762 upiu.
431 2689 480 2748 lib.
499 2691 533 2749 v·
551 2709 579 2766 p.
594 2690 653 2751 198.
1269 2705 1304 2762 et
1318 2707 1450 2766 vestros
1467 2699 1602 2770 sincere
1618 2701 1751 2777 dilexit.
1803 2709 1930 2788 Nescio
1945 2745 2016 2814 quo
2033 2725 2161 2800 animo
2178 2733 2248 2804 lecta

334 2847 341 2866 ‚
376 2851 380 2858 ,
584 2850 592 2869 ,
635 2851 642 2870 ,
841 2855 881 2876 ..
935 2860 943 2878 ⁴
1268 2794 1315 2865 sit
1330 2797 1444 2868 oratio
1461 2800 1499 2869 in
1514 2794 1760 2898 Pomerania,
1787 2836 1892 2886 nemo
1911 2823 1955 2891 de
1971 2847 2010 2894 ea
2032 2823 2127 2898 mihi
2153 2835 2248 2902 uliam

222 2843 264 2920 U
270 2843 392 2919 lrrco
418 2845 477 2922 M
482 2845 963 3030 ordrsrnsskgonsrlcano
992 2857 1092 2942 Duc.
1118 2859 1213 2943 Sax.
1267 2897 1437 2991 syllabam
1461 2904 1610 2996 scripsit·
1661 2905 1759 3006 Bene
1782 2916 1860 2988 vale
1885 2936 1920 2993 et
1945 2928 2111 3005 rescribe·
2162 2927 2244 3006 cm·
2351 2999 2352 3006 ἵ

1263 2997 1368 3092 gium
1384 3001 1488 3074 vobis
1501 3013 1724 3088 commendo.
1774 3013 1842 3090 Dic
1857 3021 1921 3099 27.
1936 3025 2162 3120 Septembris,

220 3084 269 3173 S.
297 3097 342 3169 D.
392 3097 595 3174 Clarissime
626 3107 700 3193 vir,
744 3121 779 3179 et
809 3109 964 3183 Patrone
998 3110 1213 3190 charissime.

218 3198 459 3272 Iustissimum
476 3219 528 3276 est
544 3205 663 3278 favere
682 3211 865 3283 laboribus
882 3214 1047 3302 illorum,
1074 3221 1136 3312 qui
1154 3221 1212 3289 in·
1271 3223 2069 3266 *mm
2086 3255 2238 3270 -·--

217 3303 334 3374 vitant
354 3303 492 3376 animos
516 3308 700 3381 iuniorum
723 3315 768 3382 ad
799 3315 918 3406 legum
945 3331 980 3389 et
1002 3319 1211 3413 disciplinae
1278 3369 1334 3441 No
1364 3371 1477 3448 6607·
1708 3399 1709 3402 ,
2083 3416 2133 3481 28
2173 3411 2209 3477 Se

217 3406 464 3482 reverentiam.
515 3407 603 3480 Ideo
621 3413 686 3483 etsi
703 3439 784 3486 raro
801 3417 989 3510 scriptores
1004 3423 1094 3492 aulis
1111 3449 1211 3495 com·
1268 3424 1493 3506 μὲν»
2077 3429 2248 3536 *apl

216 3510 366 3594 mendo,
399 3521 518 3580 tamen
537 3507 634 3584 hunc
657 3515 774 3586 virum
798 3519 942 3590 doctum
963 3536 998 3594 et
1020 3519 1208 3598 honestum
1838 3599 1847 3619 ,

215 3605 419 3682 Henricum
440 3611 745 3688 Amstadiensem
763 3614 819 3718 *),
853 3637 1000 3716 propter
1021 3629 1208 3720 splendida
1578 3589 1628 3680 U·
1656 3591 1935 3686 defflm

214 3714 333 3802 legum
368 3717 573 3806 praeconia,
617 3735 658 3792 ut
683 3727 936 3798 commendetis
962 3725 1207 3808 illustrissimo
1349 3755 1717 3842 Episr.1tt›.v.p.1932q.
1755 3775 1757 3789 ¹

214 3813 393 3909 Principi,
420 3813 597 3904 Electori,
622 3847 796 3912 vosoro,
821 3830 865 3898 ad
889 3853 996 3923 quem
1012 3855 1095 3904 vere
1119 3837 1207 3906 scri-

214 3915 285 3987 biq:
1259 3913 1299 3992 U
1306 3915 1324 3989 l
1331 3918 1428 3993 rico
1453 3919 1513 3995 M
1515 3921 1715 4012 ordisin,
1747 3919 1982 4015 Consiliario
2003 3941 2130 4024 Ducis
2156 3954 2253 4031 Sar.

247 4041 378 4128 Hocque
390 4056 478 4106 tuum
491 4047 582 4110 decus
596 4071 660 4113 esse
675 4065 759 4134 pute,
781 4058 999 4142 propriumque
1013 4061 1204 4146 trophaeum.
1695 4029 1815 4113 Emi·

299 4141 458 4232 Quicquid
474 4153 507 4210 tn
520 4149 696 4216 Ausonium
714 4159 762 4218 ius
776 4160 834 4220 tibi
847 4159 944 4222 laudis
958 4164 1030 4226 abit.
1258 4155 1306 4248 S.
1329 4170 1375 4244 D.
1425 4172 1628 4250 Clarissimo
1646 4185 1647 4189 ’
1662 4181 1737 4269 vir,
1778 4200 1813 4258 et
1847 4185 2051 4269 charissime
2083 4197 2253 4282 Patrone.

213 4270 311 4362 Oro,
336 4300 382 4346 ne
402 4270 487 4347 huic
507 4273 668 4359 chrico
690 4283 829 4371 desitis,
859 4288 904 4358 dc
928 4291 1038 4362 radiis
1061 4295 1205 4368 divinae
1257 4272 1418 4396 A⁸⁸ld¹¹f⁸
1433 4291 1468 4348 ‘t
1484 4281 1691 4400 ardiffilhm
1706 4285 1947 4407 V⁰ll⁸¹P²⁰⁰⁰r³
1967 4312 2001 4370 ‘i
2018 4303 2152 4378 “¹⁰¹²OE
2170 4311 2252 4402 Pi⁰³

213 4377 404 4470 sapientiae
433 4381 562 4472 sparsis
585 4381 624 4450 in
649 4399 783 4456 mentes
812 4382 987 4462 humanas
1018 4397 1204 4488 splendide
1257 4401 1391 4467 ΡΜΠΙ
1415 4403 1490 4449 ¹¹⁰⁰
1510 4383 1656 4501 dpbrto,
1681 4401 1722 4459 Ἦ
1744 4387 1857 4511 F¹¹¹J¹⁸
1871 4392 1957 4484 Dei.
1981 4397 2164 4479 D⁰mlnu³
2182 4436 2253 4484 no·

213 4479 360 4569 scripsit.
413 4477 481 4551 Dei
498 4483 669 4556 beneficio
683 4487 777 4557 tilius
793 4485 940 4580 Domini
954 4486 1105 4568 Punicer'
1118 4527 1204 4572 rou·
1256 4492 1326 4549 ⁵lef
1343 4477 1440 4550 1⁰⁵¹¹⁵
1456 4478 1637 4607 ChmllJSJ
1651 4483 1728 4608 ‘¹¹³⁸
1743 4513 1905 4584 “8¹⁰⁰‘ss
1919 4501 2112 4577 'demeum
2126 4529 2252 4602 P1'020·

211 4579 335 4653 ..aluit0
385 4580 622 4660 Benevaleqe·
673 4587 746 4660 Die
761 4589 1017 4687 qqseppempq
1254 4593 1322 4670 gat.
1374 4579 1492 4672 Quam
1509 4591 1679 4661 terribilis
1693 4615 1772 4684 spes
1784 4597 1830 4670 sit
1844 4599 1884 4670 in
1900 4601 2041 4678 Gallico
2063 4624 2098 4681 et
2113 4609 2251 4711 Hispa-

696 4701 886 4806 Philippus
904 4707 1126 4797 Melanthum
1254 4682 1334 4753 nico
1356 4707 1484 4776 regno,
1509 4688 1632 4763 literae
1648 4697 1842 4770 ostendunt
1864 4706 1910 4775 ad
1926 4703 2135 4806 Hupertum
2151 4731 2187 4792 et
2200 4721 2248 4792 ad

213 4845 433 4867 Μ
1252 4808 1309 4854 me
1322 4787 1489 4880 scriptae,
1516 4817 1604 4886 quas
1624 4789 1816 4872 exhibebit.

1354 4888 1461 4963 Venit
1475 4889 1546 4964 huc
1566 4919 1607 4965 cx
1628 4898 1710 4969 aula
1727 4899 1924 4977 Viennensi
1942 4907 2152 5008 ilungaros,
2178 4923 2247 5018 qui

245 4987 357 5058 *)Vid.
369 4989 402 5045 de
417 5009 449 5045 eo
465 4989 543 5066 epist.
558 4993 591 5049 ad
604 4993 764 5073 Strigelium
778 4999 860 5058 dat.
872 4997 935 5065 lun.
950 5003 1025 5061 1⁵5⁵.
1251 5005 1390 5075 nami,
1415 4991 1600 5086 Angllfflm
1618 4997 1795 5090 Reginam
1817 5030 1978 5102 exprim
2002 5023 2245 5112 reSl‘fflldlms

1249 5114 1285 5160 se
1302 5117 1377 5163 non
1393 5111 1586 5191 nupturam
1603 5103 1669 5171 ulli
1685 5105 1908 5184 dissentienti
1930 5117 1975 5187 ab
1990 5113 2153 5210 Anglicis
2165 5121 2242 5196 Ec-

1248 5194 1375 5270 clesiis.
1409 5196 1760 5300 CaeteraHupertus,
1780 5235 1886 5307 quem
1898 5219 1999 5291 vohis
2014 5229 2240 5304 commendo.

1248 5293 1390 5380 Iudico,
1418 5303 1535 5373 virum
1558 5304 1735 5397 integrum
1758 5337 1850 5396 esre,
1877 5333 1912 5390 et
1936 5322 2085 5397 fidelem.
2136 5326 2239 5401 Bene

1246 5409 1280 5467 et
1294 5399 1444 5473 feliciter
1460 5407 1583 5484 valete.
1633 5407 1702 5480 Die
1716 5414 1779 5492 28.
1794 5415 1975 5512 Septemb.

1985 5522 2180 5624 Philippus.
