4754 6184
122 338 196 416 tor

120 515 284 587 tuendam
307 533 381 582 esse
398 511 624 582 concordiam
639 511 735 584 inter
750 525 892 582 nostros
909 533 1110 600 congruen-

119 633 187 689 tem
210 617 253 686 ad
276 613 543 686 contessionem
569 609 847 708 Augustonom,
884 627 918 684 et
941 614 1109 684 articulos

117 711 401 790 Smolecldicon
460 717 599 792 Deinde
623 713 808 812 Sneppius
835 716 986 807 prodiit,
1020 717 1109 786 dixit

118 846 153 892 se
176 823 342 892 mandata
359 815 524 890 haberes
542 819 614 889 suis
628 817 874 911 Principibus,
905 831 946 888 ut
960 819 1004 887 dc
1022 819 1108 888 arti-

115 924 205 996 culis
221 923 402 1002 communr'
417 945 591 992 consensu
606 923 920 992 condemnationes
936 921 1032 995 bant.

165 1025 348 1105 Primum,
375 1017 612 1094 damnandos
627 1045 701 1094 esse
718 1015 957 1119 Cinglionon

163 1127 352 1210 Secundo,
374 1118 565 1198 Osiandri
581 1120 800 1201 doctrinam.

165 1229 303 1312 Tertio,
317 1221 622 1326 Propositionem,
637 1252 732 1328 quoe
748 1224 848 1314 dicit,
867 1223 980 1298 Bono
997 1249 1107 1322 opero

268 1330 474 1402 necessaria
491 1353 566 1402 esse
583 1327 640 1401 ad
655 1329 826 1402 salutem

165 1432 323 1526 Quarto,
347 1426 522 1530 Lopsum
544 1457 685 1515 eornm,
718 1432 786 1534 qui
801 1425 1024 1530 Adioplrora
1051 1454 1107 1499 re-

267 1533 453 1632 cepissent.

215 1637 417 1730 Respondit
430 1629 649 1736 Philippus,
675 1639 706 1710 si
725 1636 1039 1708 condemnationes
1054 1635 1070 1702 l
1088 1677 1107 1694 -

108 1742 258 1812 ciendae
281 1753 416 1826 essent,
441 1742 609 1812 articulos
633 1742 841 1812 scribendos
865 1763 955 1823 esse,
982 1739 1108 1831 quide

108 1845 221 1918 tantis
245 1844 352 1914 rebus
375 1843 545 1934 explicate
566 1845 687 1914 dicant
710 1843 799 1938 quid
822 1842 1106 1925 asseverandum,

134 1949 199 2016 uid
231 1946 506 2037 improbandum
534 1946 590 2018 sit.
647 1944 722 2015 Nec
750 1947 790 2014 in
815 1945 931 2036 prirno
956 1941 1106 2012 articulo

105 1973 340 2143 Einglionos
356 2049 578 2118 damnandos
591 2070 676 2130 esse,
694 2049 754 2116 sed
772 2048 879 2117 ctiam
889 2044 1105 2130 Pontificios,

105 2155 172 2248 qui
198 2149 386 2222 horribilia
409 2150 506 2222 idola
531 2149 570 2218 in
589 2145 784 2219 Ecclesiam
810 2149 1037 2232 invexerunt,
1071 2162 1105 2216 et

104 2252 227 2328 adhuc
242 2252 430 2322 stabiliunt
443 2251 482 2320 in
498 2252 751 2342 depravatione
768 2249 999 2323 Sacramenti.
1050 2247 1104 2318 De

105 2357 265 2430 secundo
282 2353 431 2426 articulo
445 2366 562 2424 extare
577 2365 698 2423 nostra
714 2353 854 2444 scripta,
877 2353 1007 2446 quibus
1023 2375 1106 2442 per-

105 2461 230 2554 spicue
255 2457 431 2527 refutatur
452 2448 643 2524 Osiondri
663 2455 838 2530 doctrina,
904 2453 958 2525 De
986 2453 1102 2534 tertio,

107 2587 182 2634 non
206 2556 376 2648 refragari
396 2581 433 2628 se
457 2557 542 2648 ipsis
560 2558 670 2642 dixit,
702 2559 761 2627 sed
778 2571 898 2627 tamen
912 2557 1102 2628 articulum

109 2663 337 2736 scribendum
355 2681 448 2742 esse,
473 2672 514 2730 ut
525 2658 668 2744 sciatur,
692 2681 784 2755 quae
801 2661 915 2730 forma
932 2659 1101 2752 loquendi

109 2764 297 2839 retinenda
320 2762 375 2834 sit.
427 2757 506 2832 Etsi
523 2762 619 2832 enim
637 2761 753 2852 placet
768 2764 886 2832 omitti
901 2762 1103 2846 formulam,

109 2864 173 2939 Ad
191 2862 368 2938 salntem:
404 2875 522 2936 tameo
545 2863 749 2935 retinendas
771 2886 845 2933 esse
860 2860 924 2935 has
940 2863 1104 2956 proposi-

110 2975 242 3048 tiones.
280 2960 392 3040 Nova
417 2960 623 3036 obedientia
646 2965 853 3036 necessario
876 2975 928 3036 est
948 2989 987 3037 eo
1011 2962 1102 3059 ipso,

112 3074 197 3169 quio
215 3059 390 3142 Creatori
409 3065 611 3138 rationalis
633 3079 802 3139 creatura
818 3063 918 3138 debet
934 3063 1104 3140 odedien-

119 3173 215 3250 tione.
279 3169 388 3256 Item,
423 3162 618 3242 Clamores
650 3166 934 3242 Antinomorum
969 3167 1102 3268 impios

120 3297 210 3354 esse,
233 3273 298 3372 qui
316 3269 567 3371 vociferantur
592 3283 738 3344 renatos
753 3272 903 3344 retinere
917 3271 1101 3370 Spiritum

113 3385 292 3461 sanctum,
319 3383 352 3445 et
374 3375 490 3446 iustos
511 3397 586 3446 esse
598 3369 694 3467 fide,
720 3373 870 3445 etiamsi
881 3381 1101 3472 perseverent

109 3477 147 3550 in
160 3476 358 3552 sceleribus
374 3485 501 3548 contra
517 3475 787 3552 conscientiam.
836 3475 890 3549 De
904 3493 1031 3572 quarto
1046 3479 1104 3548 di-

107 3585 176 3670 xit‚
209 3579 346 3654 crimen
368 3580 447 3652 falsi
473 3581 519 3652 ab
532 3575 693 3674 Illyrico
715 3580 942 3651 commissum
967 3602 1041 3650 esse
1061 3581 1102 3649 in

108 3687 267 3758 editione
291 3682 410 3773 scripti
429 3675 595 3780 Lipsici,
628 3693 662 3752 et
686 3705 723 3752 se
745 3682 917 3751 iudicium
935 3705 1102 3776 praesen-

107 3792 203 3864 tibus
225 3786 350 3876 legatis
372 3787 417 3854 dc
435 3797 509 3856 toto
528 3783 592 3856 illo
608 3784 750 3877 negotio
765 3785 978 3876 permittere.
1032 3783 1103 3854 Fa-

106 3893 172 3966 teri
191 3913 230 3961 se
247 3888 385 3958 dedisse
399 3889 609 3974 consilium,
641 3909 686 3958 ne
703 3883 880 3958 Ecclesiae
897 3888 1102 3956 desereren-

105 4009 166 4068 tur
189 4005 336 4086 propter
359 4005 490 4062 vestem
506 3991 657 4076 lineam,
690 4001 724 4060 et
740 3991 911 4060 festorum
928 4001 963 4060 et
979 3989 1102 4059 lectio-

103 4123 193 4169 num
214 4094 391 4165 ordinem.
437 4091 507 4164 Sed
532 4091 603 4164 alia
626 4092 737 4164 multa
759 4092 927 4182 affingere
939 4093 1025 4162 salsa
1043 4087 1102 4161 Il-

102 4198 280 4297 lyricum.
331 4193 503 4266 Libenter
525 4196 629 4265 etiarn
647 4219 684 4265 se
700 4195 907 4264 abluturum
922 4217 997 4265 esse
1013 4194 1102 4266 dixit

99 4309 147 4374 sb
166 4305 327 4394 ipsorum
343 4297 606 4388 congressibus,
632 4299 661 4366 si
678 4297 787 4368 suerit
801 4297 984 4370 reiectusa
1001 4291 1101 4366 Fla-

98 4401 241 4478 rionis.

207 4502 349 4576 Deinde
363 4502 454 4574 dixit
467 4500 589 4586 etiam,
615 4523 696 4570 cnm
713 4499 891 4572 venissent
905 4502 951 4571 ad
967 4491 1102 4573 facien-

95 4615 167 4684 das
188 4605 525 4687 condemnationes,
550 4602 717 4674 articulos
730 4603 1021 4678 sonnatosiuisse
1036 4607 1102 4674 arl-

94 4713 285 4793 serendos,
307 4721 346 4780 ut
360 4707 489 4780 caeteri
502 4707 549 4776 dc
562 4706 613 4775 eis
626 4706 817 4776 deliberari
834 4720 991 4797 possent.
1022 4703 1101 4776 Aa.

93 4819 198 4889 didit
210 4813 315 4884 ctiam
331 4835 397 4881 nos
411 4835 543 4902 paucos
556 4831 642 4892 esse,
667 4821 702 4880 et
716 4832 885 4899 maguum
902 4807 1099 4900 periculum

93 4943 179 4992 csse
196 4917 227 4986 si
245 4938 311 4984 nos
328 4914 429 5004 pauci
446 4911 677 4984 conderemus
691 4911 877 4994 articulos,
903 4935 984 4979 cnm
1001 4925 1098 4982 tanta

91 5027 145 5094 sit
157 5019 359 5090 multorum
373 5015 490 5086 rabies
505 5015 543 5084 in
557 5007 861 5104 reprehendendis
874 5011 965 5084 aliis.
1000 5011 1097 5083 ldem

91 5135 226 5220 postea
242 5114 426 5216 Smppius
448 5117 557 5201 dixit,
588 5138 654 5186 nos
675 5105 806 5206 pancos
820 5138 911 5195 esse,
938 5137 1003 5184 nec
1020 5115 1098 5184 sine

88 5224 263 5322 periculo
279 5221 448 5292 articulos
464 5219 569 5290 scribi
587 5241 697 5308 posse.

204 5321 383 5396 Brentiers
400 5323 501 5412 plura
517 5323 562 5391 de
578 5312 769 5391 Osiondri
782 5319 1022 5389 controversia
1039 5319 1096 5387 di-

692 299 1128 412 nrt'snonartun
1180 333 1416 412 ntnxtu.
1470 332 1602 415 taos.

2082 339 2160 417 158

1163 509 1397 598 telligeretur,
1422 533 1529 604 wem
1552 513 1724 586 sensisset.
1776 497 1844 584 His
1863 513 2157 604 responsionibus

1162 613 1312 698 auditis,
1339 609 1460 702 Legati
1480 639 1519 684 rc
1537 616 1729 687 deliberata
1747 619 2023 708 responderunt:
2059 613 2154 704 Quia

1162 715 1258 783 missi
1274 737 1428 786 essemus
1442 718 1487 785 ad
1504 718 1747 788 defensionem
1760 715 1999 789 Ecclesiarum
2015 732 2156 788 nostra·

1161 841 1241 886 rum
1276 819 1445 888 adversus
1470 817 1698 906 Pontificios‚
1742 845 1840 892 nunc
1866 845 1932 890 nos
1958 821 2087 890 debere
2114 820 2153 890 in

1162 922 1341 990 communi
1372 943 1474 992 causa
1505 923 1714 994 coniunctos
1743 947 1834 1008 csse,
1866 925 2154 993 arefaciendam

1161 1044 1234 1090 csse
1261 1023 1538 1099 distractionem.
1590 1023 1674 1094 Illas
1698 1025 1807 1116 igitur
1822 1027 2079 1096 controversias
2096 1027 2154 1095 in-

1161 1137 1214 1192 ter
1236 1147 1302 1194 nos
1324 1125 1537 1196 differendas
1560 1151 1633 1196 esse
1657 1130 1700 1196 ad
1726 1127 1911 1222 Synodum
1934 1140 2152 1202 nostrornm.

1161 1223 1259 1294 Idem
1276 1224 1418 1296 Elector
1434 1221 1639 1300 Palatinus
1659 1231 1799 1321 scriptis
1823 1231 1937 1300 literis
1958 1234 2003 1300 ad
2029 1249 2153 1300 omnes

1160 1327 1313 1418 legatos,
1348 1331 1491 1421 petivit,
1523 1334 1694 1427 adquam
1717 1347 1836 1404 tamen
1851 1347 2066 1403 accesserant
2085 1332 2152 1402 ali-

1160 1431 1223 1523 qui
1238 1445 1356 1514 antea,
1384 1447 1423 1502 ut
1441 1457 1522 1504 eum
1541 1450 1662 1506 contra
1680 1459 1745 1504 nos
1760 1435 2003 1506 incenderent.
2055 1433 2152 1504 Haec

1161 1533 1253 1604 inter
1276 1557 1345 1606 nos
1365 1547 1441 1606 acta
1466 1549 1565 1621 sunt,
1595 1551 1784 1631 antequam
1802 1537 1946 1608 Praeses
1963 1559 2031 1608 nos
2046 1559 2153 1606 voca·

1160 1635 1220 1708 vit.
1269 1635 1481 1708 Non‘multo
1499 1649 1612 1729 posta
1631 1639 1796 1710 Praeside
1812 1639 1925 1710 vocati
1941 1653 2025 1710 suxit
2040 1639 2153 1708 collo-
2206 1696 2208 1704 .

1159 1751 1298 1807 cutores
1310 1741 1497 1834 utriusque
1513 1743 1633 1834 partis.
1665 1741 1734 1812 Hic
1750 1766 1873 1813 rursus
1889 1755 1983 1811 mota
2000 1758 2050 1812 cst
2064 1765 2151 1812 con-

1160 1837 1270 1909 tentio
1295 1845 1340 1910 de
1362 1844 1719 1914 condemnationibus
1744 1845 1915 1914 faciendis
1937 1843 2040 1914 initio
2063 1867 2151 1914 con-

1157 1965 1352 2033 gressuum.
1404 1943 1609 2016 Petiverunt
1625 1947 1748 2036 legati,
1773 1969 1818 2018 ne
1833 1948 1935 2018 initia
1951 1944 2151 2015 communis

1158 2045 1327 2139 colloquii
1344 2041 1407 2114 hac
1424 2071 1462 2116 re
1480 2050 1684 2135 turbarent,
1709 2051 1791 2144 quia
1810 2063 1929 2142 postea
1945 2050 1984 2118 in
2001 2048 2151 2138 siugulis

1158 2149 1333 2229 articulis,
1374 2161 1407 2216 et
1440 2151 1584 2241 quidem
1616 2154 1723 2221 rebus
1755 2153 1954 2244 explicatis,
1997 2152 2152 2220 liberum

1158 2249 1305 2338 singulis
1335 2251 1495 2318 futorum
1518 2267 1608 2322 esset
1630 2255 1748 2324 (licere
1769 2275 1848 2324 suas
1873 2253 2084 2337 sententias,
2116 2265 2151 2324 et

1157 2357 1285 2422 addere
1300 2355 1614 2424 condemnationes
1629 2370 1670 2428 ut
1688 2356 1879 2430 videretur.
1906 2354 1991 2425 Post
2006 2355 2150 2442 longam

1156 2454 1418 2524 altercationem
1444 2455 1632 2528 decursum
1653 2472 1705 2528 cst
1730 2481 1793 2545 eo,
1820 2471 1862 2528 ut
1877 2457 2152 2528 condemnatio-

1157 2581 1220 2626 nes
1240 2556 1300 2626 isti
1323 2549 1531 2630 exhiberent
1555 2560 1677 2652 legatis
1700 2573 1903 2632 nostrorum
1927 2559 2150 2650 Principum.

1156 2657 1209 2728 lta
1236 2659 1351 2728 videri
1376 2659 1592 2752 satisfactum
1614 2665 1809 2744 mandatis,
1848 2685 1939 2758 quse
1964 2657 2149 2734 haberant.

1155 2759 1306 2831 Dictum.
1321 2761 1428 2832 etiarn
1452 2763 1521 2832 fnit
1546 2762 1828 2838 Illustrissimum
1848 2764 1984 2837 Ducem
2002 2756 2151 2832 Iohan-

1155 2887 1236 2932 nem
1253 2856 1299 2933 F
1294 2859 1489 2934 tidericum
1510 2859 1577 2937 hac
1601 2864 1821 2939 exhibitione
1840 2880 2047 2938 contentum
2064 2887 2151 2940 esse.

1156 2965 1252 3056 Quia
1279 2991 1359 3036 curn
1393 2989 1436 3036 eo
1469 2969 1600 3040 caeteri
1625 2969 1811 3062 Principes
1832 2993 1876 3066 ea
1905 2971 2013 3040 dere
2037 2967 2152 3038 locuti

1156 3082 1266 3154 erant,
1291 3093 1371 3138 cum
1389 3084 1479 3142 esset
1493 3071 1533 3141 in
1547 3071 1690 3144 vicinia.
1739 3068 1931 3144 Exhibitae
1947 3085 2030 3144 sunt
2042 3069 2152 3163 igitur

1155 3172 1278 3262 legatis
1292 3183 1497 3244 nostrorum
1506 3173 1714 3268 Principum
1732 3177 1814 3247 illae
1823 3175 2151 3248 condemnationes.

1155 3275 1293 3346 Deinde
1307 3274 1414 3344 simul
1429 3277 1472 3345 ad
1490 3277 1710 3372 colloquium
1725 3303 1807 3350 cum
1823 3277 2020 3350 Pontificiis
2035 3297 2152 3346 acces-

1155 3377 1286 3462 simus,
1328 3389 1363 3447 et
1393 3378 1582 3450 videbatur
1610 3382 1704 3453 inter
1726 3393 1868 3457 nostros
1888 3403 2015 3452 omnes
2035 3381 2151 3450 dulcis

1155 3475 1344 3550 concordia
1362 3502 1447 3551 csse.

1259 3577 1303 3648 ln
1327 3580 1478 3670 publicis
1500 3583 1746 3672 congressibus
1763 3583 1907 3656 exordia
1923 3597 2024 3652 erant
2037 3581 2150 3672 placi-

1155 3681 1228 3755 da.
1265 3679 1487 3753 Hortabatur
1505 3707 1572 3753 nos
1588 3683 1750 3772 Praeses,
1774 3699 1815 3757 nt
1835 3687 1993 3756 modeste
2008 3685 2150 3754 confer·

1155 3807 1274 3854 remns
1290 3785 1501 3871 sententias,
1527 3799 1561 3856 et
1579 3789 1623 3856 ad
1641 3788 1869 3858 concordiam
1885 3799 2022 3858 mentes
2036 3798 2071 3856 et
2081 3809 2149 3856 vo·

1156 3889 1309 3957 luntatcs
1330 3887 1560 3963 flecteremus.
1612 3885 1752 3962 Deinde
1772 3889 1959 3983 promissio
1976 3890 2067 3960 iacta
2088 3901 2157 3974 est,

1156 4013 1200 4058 ne
1224 3989 1400 4082 disputata
1422 4005 1672 4082 spargerentur
1693 3993 1731 4062 in
1752 3993 1948 4086 poblicum.
1998 3987 2151 4078 Deinde,

1155 4094 1199 4162 de
1229 4093 1337 4161 modo
1367 4094 1584 4184 procedendi
1615 4095 1852 4168 deliberatum
1876 4109 1940 4171 est.
2001 4091 2056 4164 lbi
2083 4115 2150 4163 nos

1156 4195 1406 4287 proposuimus
1430 4197 1518 4264 duas
1532 4196 1624 4266 vias:
1657 4195 1839 4280 Priorem,
1870 4220 1962 4293 qnae
1975 4195 2069 4268 inter
2083 4197 2150 4267 do-

1155 4309 1229 4366 ctos
1252 4309 1288 4366 ct
1305 4297 1419 4367 bonos
1442 4297 1631 4368 utilissima
1650 4313 1683 4370 et
1699 4301 1958 4393 expeditissima
1974 4311 2083 4379 esset,
2107 4311 2154 4368 ut·

1155 4399 1307 4468 candide
1321 4412 1354 4467 et
1371 4399 1506 4490 placide
1521 4403 1762 4472 consecremus
1777 4425 1862 4474 voce
1878 4401 2087 4482 sententias,
2110 4413 2148 4470 ct

1154 4513 1376 4590 argumenta,
1413 4513 1447 4572 ct
1476 4525 1557 4573 cum
1586 4506 1632 4574 de
1655 4506 1774 4598 aliqua
1797 4504 1943 4574 materia
1965 4502 2059 4574 inter
2081 4523 2148 4573 nos

1153 4603 1366 4674 constitutus
1390 4617 1478 4674 esset
1499 4627 1713 4688 consensus,
1739 4629 1820 4675 mox
1837 4605 2006 4675 articulus
2020 4606 2149 4676 unicus

1154 4708 1258 4775 deca
1286 4729 1325 4774 re
1345 4707 1577 4794 scriberetur;
1619 4709 1681 4778 ubi
1707 4733 1780 4776 non
1805 4708 2031 4788 conveniret,
2072 4709 2145 4776 dno

1153 4807 1292 4877 articuli
1318 4809 1568 4881 scriberentur.
1624 4807 1674 4878 lta
1693 4809 1864 4880 Senatum
1884 4807 2027 4903 imperii
2044 4809 2147 4879 facile

1153 4933 1255 5002 posse
1271 4933 1476 4998 agnoscere,
1510 4911 1699 5003 dequibus
1716 4912 1822 4982 rebus
1838 4935 2029 4982 cousensus
2045 4925 2146 4996 asset,

1152 5013 1247 5081 etde
1271 5013 1401 5105 quibus
1422 5013 1579 5104 reliquae
1598 5027 1713 5082 essent
1733 5017 2006 5088 controversiae.
2067 5012 2144 5083 Hac

1152 5114 1208 5182 via
1223 5113 1253 5182 si
1270 5137 1343 5182 non
1359 5115 1579 5194 vallencurt,
1602 5117 1662 5182 scd
1680 5115 1828 5187 mallent
1844 5133 1978 5187 certare
1992 5117 2143 5207 scriptis,

1151 5237 1217 5284 nos
1256 5239 1329 5284 non
1364 5217 1534 5304 gravatim
1570 5217 1676 5285 etiam
1710 5219 1850 5310 scriptis
1883 5233 2022 5289 acturos
2055 5241 2143 5304 esse,

1149 5318 1286 5385 etiamsi
1311 5319 1380 5386 talc
1397 5331 1573 5388 certamen
1588 5319 1747 5388 loturum
1766 5337 1856 5393 esset
1872 5323 1985 5391 multo
2000 5322 2141 5410 longius

88 5431 164 5515 xit,
187 5428 284 5499 sede
299 5425 461 5497 doctrina
477 5446 622 5516 prorsus
638 5422 825 5493 nobiscnm
843 5421 985 5493 sentire.
1023 5419 1093 5492 Sed
1147 5417 1357 5504 collatione,
1388 5443 1479 5511 quac
1502 5443 1586 5488 voce
1611 5421 1721 5491 lieret.
1771 5419 1908 5493 Placuit
1934 5421 2141 5494 etPraesidi

89 5523 336 5602 Ostmudmm
360 5549 523 5600 sermo
540 5525 791 5610 condemnari,
816 5523 900 5620 quia
917 5524 1021 5596 aliter
1036 5525 1093 5594 in·
1144 5523 1203 5590 via
1221 5523 1334 5612 prior.
1385 5519 1455 5591 Sed
1476 5519 1655 5592 Pontificii
1680 5527 1961 5606 contenderunt,
1986 5539 2026 5597 nt
2052 5523 2139 5598 scri·
