4708 6190
105 355 184 433 res
645 277 1134 436 'rrrsrouanuu
1181 355 1418 442 aruum
1468 357 1603 446 esso.
2082 387 2158 464 roo

109 555 186 605 esse
205 545 337 630 potest,
364 545 405 607 ut
427 553 552 607 omnes
577 531 774 612 calumnias
794 531 881 605 vitet
897 527 945 632 Ι*).
994 529 1112 606 Deum
1161 529 1263 625 legit:
1288 533 1439 609 tradidit
1453 539 1611 614 enimam
1624 567 1725 620 ruam
1742 546 1781 622 io
1795 567 1964 648 mortem,
1989 530 2172 640 Ebraeus¹

108 637 185 709 scio
207 639 410 732 aequiorem
432 637 539 707 nobis
559 659 652 722 esse,
679 659 787 731 φιιιιιι
811 635 970 708 suutirti
988 661 1112 709 censo·
1160 635 1261 727 legit:
1295 637 1423 711 effudit
1444 643 1601 716 animam
1625 671 1726 721 suam
1748 651 1787 723 in
1808 671 1971 740 mortem,
2031 665 2152 744 Multo

107 761 180 814 res.
231 737 272 810 Si
294 753 436 834 potero,
460 737 602 810 veniam
619 739 719 808 brevi
737 739 782 808 ad
798 735 839 810 C.
855 736 900 814 V.
919 739 979 811 eui
994 737 1112 811 Filius
1159 739 1357 830 expressius
1374 740 1421 812 ita
1439 744 1658 835 significatur
1675 777 1771 826 mors
1793 781 1899 852 ιιοοιιι
1924 767 2053 840 verbo:
2078 785 2150 845 tra·

108 838 181 912 Dei
207 843 392 916 confirmet
416 841 577 934 corporis
602 841 696 912 vires
722 853 760 912 et
783 839 936 916 animae.
991 841 1028 914 d.
1045 840 1110 918 Μ.
1158 841 1262 918 didit.
1313 839 1382 914 Die
1403 840 1464 920 25.
1481 845 1626 934 Martii,
1650 879 1722 950 quo
1746 858 1805 928 die
1826 863 1995 940 scribitur
2015 888 2150 946 creatos

109 939 253 1018 Martii,
1155 967 1232 1031 esse
1248 938 1366 1016 Adam
1382 961 1417 1020 et
1434 945 1573 1022 Herem
1586 969 1669 1028 ante
1686 983 1800 1031 annos
1815 959 1928 1042 ⁵521.

1657 1055 1845 1158 Philippus
1863 1065 2089 1178 Melanthea,
2228 1083 2231 1092 '

1155 1275 2148 1346 m&

111 1313 180 1385 No.
195 1312 315 1388 6719.
906 1323 965 1388 26.
992 1317 1083 1386 Mart.

108 1409 282 1438 Μ
885 1410 1102 1450 Μ
1156 1400 1222 1478 No.
1235 1403 1348 1484 6720·
1961 1440 2018 1508 25·
2030 1435 2119 1508 mm·

380 1481 458 1570 Ge.
490 1479 816 1568 Bdcitdolzero.
1163 1501 1336 1536 *Ν
1833 1501 1840 1512 ’
1925 1525 2139 1574 ψη,

183 1661 362 1736 mama.
377 1658 481 1717 uasa.
495 1657 581 1716 reu
601 1657 637 1714 o.
651 1656 682 1714 ι..
696 1657 757 1714 w.
1473 1609 1532 1698 Uo
1555 1611 1835 1711 Mordcr'serr.
1975 1687 1985 1706 ,

111 1815 294 1918 Georgi
301 1845 323 1892 o
348 1809 721 1902 Bocddoltrero,
747 1809 901 1887 Pastori
917 1811 1107 1886 Ecclesiae
1224 1779 1566 1930 Effifffuf'ssffissh
1584 1789 1919 1940 flgffiu'lclffifflos.
1938 1803 2016 1877 qast
2038 1803 2146 1882 rapsa

408 1917 489 1992 Dei
502 1919 542 1991 in
558 1917 645 1991 urbe
661 1915 814 1994 Arctoo.

1154 2000 1380 2084 Clarissimo
1404 2011 1484 2084 viro
1503 2015 1692 2114 supientia
1711 2029 1745 2092 et
1769 2021 1993 2120 eruditione,
2019 2042 2052 2104 et
2069 2033 2165 2108 atr..

1151 2123 1227 2184 tute
1237 2116 1450 2212 praestanti
1463 2113 1517 2192 D.
1533 2117 1576 2192 U
1581 2119 1599 2192 l
1605 2124 1648 2192 η’
1654 2147 1701 2194 co
1716 2121 1775 2194 M
1778 2126 1865 2202 ord
1872 2130 1938 2202 ist
1944 2158 1969 2204 n
1987 2131 2145 2212 Ductori

1154 2213 1258 2290 Iuris
1281 2211 1513 2290 Consiliorio
1530 2217 1680 2320 Inclydi
1698 2222 1822 2302 Ducis
1837 2229 2033 2310 Senoniae
2049 2237 2142 2313 Ele-

1327 2394 1332 2409 ,
1360 2319 1547 2398 donicata.
1572 2317 1739 2398 Patrono
1752 2354 1821 2402 suo
1836 2357 1934 2416 coro.

109 2061 161 2148 S.
184 2071 230 2150 Ι).
281 2069 494 2145 Revereude
506 2069 561 2139 vir
574 2081 608 2139 et
622 2068 740 2143 caries.
758 2069 876 2148 irater.
917 2065 1000 2140 Non
1019 2069 1106 2158 diri,

111 2169 205 2242 mibi
218 2173 373 2242 oblatam
391 2193 465 2239 esse
481 2170 652 2260 speciem,
679 2166 873 2264 quaemihi
891 2171 1105 2263 praedixerit

110 2255 290 2354 mortem,
309 2273 369 2341 sed
387 2273 431 2340 de
446 2271 517 2342 alio
539 2271 695 2366 quodam
719 2271 794 2342 cive
819 2287 940 2344 nostro
963 2274 1103 2347 locutus

110 2397 209 2457 sum,
242 2373 305 2468 qui
328 2387 410 2444 ante
431 2396 544 2442 annos
569 2373 707 2468 aliquot
728 2389 890 2446 mortuus
906 2389 968 2445 est.
1018 2374 1104 2449 Fuit
1652 2463 1656 2470 ⁴

112 2473 172 2545 bic
190 2477 245 2545 vir
261 2473 430 2545 honestus
444 2489 479 2546 et
498 2477 645 2562 doctos,
671 2489 705 2546 et
719 2500 793 2546 non
809 2477 960 2569 impius,
986 2471 1102 2548 Mul·
1151 2456 1200 2548 S.
1225 2467 1270 2542 D.
1306 2467 1511 2544 Clarissimo
1526 2474 1583 2545 vir
1601 2489 1636 2549 et
1651 2493 1800 2569 patrone
1812 2485 2004 2566 carissime.
2042 2495 2143 2570 Seri-

107 2575 233 2676 psort,
259 2577 320 2672 qui
338 2577 474 2670 aliquot
488 2577 616 2649 diebus
632 2592 714 2648 ante
732 2592 902 2665 mortem,
922 2603 1002 2649 rum
1019 2582 1101 2675 qui·
1135 2575 1234 2672 batn
1260 2585 1295 2643 et
1319 2576 1364 2643 de
1387 2575 1432 2644 iis
1452 2577 1611 2648 articulis
1633 2605 1723 2676 quos
1741 2609 1842 2658 meus
1856 2612 1964 2680 gener
1978 2593 2068 2670 mihi
2082 2625 2142 2672 re·

111 2685 200 2750 dem
215 2701 316 2748 mens
336 2678 469 2773 alioqui
494 2680 630 2768 integra
649 2679 681 2748 ei
704 2695 792 2752 esset
812 2681 919 2762 dixit,
947 2684 1099 2774 speciem
1150 2699 1253 2746 verso
1271 2701 1312 2746 ex
1328 2674 1469 2768 Lipsico
1487 2681 1646 2752 examine
1663 2679 1842 2773 exhibuit,
1869 2697 1960 2766 etde
1981 2697 2140 2774 lontibus

107 2777 200 2856 mibi
224 2781 395 2866 similem,
429 2781 498 2850 sibi
518 2781 678 2852 ¹oblatam
704 2803 794 2865 esse,
828 2807 920 2878 qrrae
948 2807 1027 2854 eum
1059 2785 1100 2856 iu
1151 2802 1293 2864 caussae,
1319 2802 1357 2848 ea
1374 2804 1464 2873 quae
1479 2795 1572 2852 recta
1589 2799 1623 2855 et
1637 2809 1718 2855 vera
1737 2812 1810 2861 esse
1833 2792 2011 2888 intelligo,
2037 2805 2141 2893 plane

107 2883 237 2954 morbo
252 2886 429 2954 consolata
449 2883 540 2953 sitet
559 2883 655 2954 diem
678 2885 910 2976 praedixerit,
932 2887 994 2980 qui
1019 2886 1099 2958 bnis
1150 2895 1184 2952 et
1208 2881 1391 2974 perspicue
1412 2883 1478 2953 deo
1504 2884 1659 2962 iuvante.
1718 2887 1788 2962 Sed
1817 2895 1845 2965 si
1869 2911 1981 2986 potest
2001 2905 2140 2979 differri

109 2987 226 3056 morbi
250 3000 284 3056 et
301 2985 394 3055 vitae
409 2985 552 3055 futurus
565 2981 664 3054 esser.
720 2981 774 3054 Ac
787 2991 978 3080 respondet
991 3011 1099 3057 even·
1149 2984 1218 3054 iter
1233 3007 1344 3076 usque
1360 2985 1402 3052 ad
1422 3001 1612 3056 mercatum
1628 2987 1828 3082 Lipsicurn,
1854 2999 1918 3070 ubi
1932 3006 1975 3072 ad
1994 3031 2056 3078 vos
2080 3033 2140 3081 ac-

109 3105 177 3161 tus.
229 3085 349 3157 Meam
371 3085 479 3158 vitam
500 3083 576 3156 Deo
598 3091 831 3173 commendo,
867 3111 907 3157 ac
930 3089 1097 3161 libentius
1149 3089 1273 3155 cedere
1297 3085 1440 3172 malim,
1464 3087 1602 3158 differri
1626 3115 1704 3164 oro.
1756 3095 1846 3167 Nam
1872 3103 1915 3172 ad
1938 3099 2139 3182 hanescri-

109 3193 153 3261 ad
171 3191 410 3260 dulcissimam
425 3189 718 3259 consuetudinem
735 3187 820 3280 Dei,
834 3183 967 3260 Christi
984 3189 1099 3262 etilo·
1148 3187 1308 3278 ptionem
1332 3188 1436 3258 etiam
1461 3184 1590 3259 borum
1612 3193 1751 3266 dierum
1773 3201 1891 3290 spacio
1911 3220 2049 3292 uterer,
2075 3216 2137 3306 qui

109 3293 234 3364 clesiae
248 3279 407 3361 coelestis
422 3294 595 3374 accedam,
611 3292 673 3359 ubi
690 3313 763 3358 non
781 3307 1097 3384 exercenturprae-
1148 3289 1282 3382 alioqui
1304 3284 1392 3358 mihi
1408 3291 1446 3358 iu
1462 3291 1590 3362 itinere
1608 3299 1775 3383 perirent.
1825 3301 1892 3374 Fui
1910 3316 2088 3401 .n.[enim]
2103 3331 2139 3389 er

108 3395 212 3486 stigio
242 3389 518 3486 sophismatum,
560 3405 600 3462 ut
623 3415 720 3462 nunc
744 3393 781 3460 in
805 3387 869 3462 bac
893 3395 965 3464 vita
990 3395 1096 3466 multi
1148 3406 1228 3484 post
1250 3395 1404 3461 reditum
1430 3407 1463 3463 et
1488 3394 1607 3485 Lipsin
1631 3418 1820 3492 occupatus
1844 3415 2138 3500 responsionibus

110 3509 236 3587 putant
249 3499 355 3566 clerus
369 3495 501 3584 ingenii
518 3517 603 3579 esse,
618 3489 831 3586 sophismata
848 3495 991 3584 fingere.
1018 3489 1097 3565 Co·
1147 3493 1344 3566 scribendis
1358 3495 1401 3560 ad
1420 3493 1683 3582 Landgravium
1700 3504 1761 3594 qui
1778 3509 1882 3576 nobis
1897 3512 1994 3584 misit
2015 3520 2137 3610 scripti

111 3593 335 3668 rolostodius
356 3621 452 3668 anno
477 3597 639 3690 proximo
662 3607 742 3665 ante
764 3589 919 3676 Lutderi
945 3611 1095 3676 rnortem
1147 3593 1366 3684 exemplum,
1383 3618 1455 3686 quo
1472 3599 1657 3686 respondit
1671 3601 1761 3672 Duri
1778 3601 2136 3698 lohanbiFriderico.

113 3699 280 3774 extinctus
298 3713 349 3770 est
364 3699 403 3767 in
421 3713 515 3790 peste
530 3695 736 3768 Basileensi.
786 3695 873 3768 Heri
898 3698 1016 3769 literas
1038 3723 1095 3770 ae·
1148 3693 1188 3764 ld
1199 3695 1396 3784 exemplum
1409 3711 1547 3767 nuncet
1558 3701 1782 3780 vobismitto.
1817 3707 2136 3810 Sinautemprofi.

111 3802 282 3894 repimus,
308 3803 346 3873 in
363 3801 494 3896 quibus
508 3799 675 3872 scribitur
697 3800 892 3891 periculose
914 3815 1096 3892 aegrotare
1146 3795 1767 3874 eiecimeDresdamautemercatum
1776 3807 2135 3901 Lipsicumlllustris.

107 3909 234 3976 ducem
259 3905 500 3976 iuliacensem.
550 3901 708 3972 Libellos
731 3901 833 3972 vobis
854 3903 975 3985 mitto,
1002 3904 1096 3974 iuter
1146 3899 1257 3969 simus
1275 3897 1444 3990 Princeps
1458 3897 1603 3972 Elector
1619 3905 1790 3990 voluerit,
1814 3915 2081 4012 obtemperabo,
2104 3927 2134 3998 ri

106 4031 198 4102 quos
217 4023 300 4078 sunt
319 4009 391 4076 duo
417 4005 574 4098 exempla
597 4004 770 4074 orationis
791 4007 836 4074 de
860 4005 1003 4076 doctore
1022 3999 1095 4075 Po-
1146 4002 1183 4072 id
1199 3995 1288 4070 mihi
1306 4001 1597 4091 significaveritis.
1632 4001 1711 4078 Oro
1730 4027 1847 4084 autem
1864 4017 2052 4096 filiumdei
2069 4031 2135 4102 do·

104 4131 277 4196 nserono,
312 4125 347 4180 et
368 4107 435 4180 tria
461 4107 618 4198 exempla
642 4107 816 4178 orationis
836 4107 882 4176 de
904 4129 1096 4198 congressu
1145 4103 1284 4172 minum
1308 4101 1423 4174 lesum
1447 4099 1630 4180 Christum
1657 4113 1861 4188 crucifixum
1883 4145 1949 4212 pro
1971 4131 2077 4202 nobis
2099 4147 2134 4204 ,ι

106 4211 329 4286 Bononiensi
346 4203 428 4308 ⁸⁸),
457 4233 610 4303 quorum
635 4233 746 4280 unum
771 4209 902 4280 dabitis
925 4207 1095 4280 illustris·
1144 4205 1409 4286 resuscitatum,
1433 4209 1613 4278 sedentem
1627 4213 1672 4280 ad
1687 4213 1845 4289 dextram
1868 4230 2004 4300 aeterni
2024 4235 2133 4324 partis

105 4318 197 4386 simo
222 4313 382 4402 Principi
403 4307 579 4398 Electori,
611 4325 646 4380 et
669 4335 779 4382 unum
800 4311 995 4382 clarissimo
1015 4313 1093 4384 viro
1144 4331 1184 4378 ac
1206 4308 1301 4376 don'a
1317 4309 1460 4378 dantem
1483 4303 1712 4401 hominibus,
1744 4331 1783 4390 ut
1801 4319 1981 4398 illustriss,
1998 4333 2132 4424 princi.

104 4410 275 4490 Thomas
289 4406 492 4487 Matthiae.
542 4407 620 4482 Oro
641 4413 766 4498 etiam,
790 4427 829 4484 ut
848 4411 1092 4486 illustrissimo
1144 4431 1225 4503 pem
1240 4404 1442 4480 Electorem
1457 4427 1491 4482 et
1507 4435 1573 4482 uos
1588 4439 1712 4487 omnes
1726 4423 1900 4508 gubernet
1913 4441 1948 4498 et
1960 4445 2130 4526 protegat.

105 4515 429 4612 PrincipiElectori
445 4529 648 4584 reverenter
661 4513 790 4604 gratian
805 4515 914 4606 agatis
929 4541 1009 4587 meo
1027 4541 1093 4588 no-
1143 4509 1254 4582 Mitto
1278 4511 1450 4603 pagellam
1469 4515 1513 4582 de
1532 4513 1715 4590 Livonicis
1736 4525 1854 4600 rebus.
1920 4523 2132 4626 Acceptum,

104 4625 203 4696 mine
220 4645 283 4715 pro
300 4623 396 4690 dono
405 4669 417 4702 ,
445 4619 540 4710 qrrod
557 4616 682 4687 tribuit
695 4617 821 4687 viduae
834 4610 1007 4706 Lutderi,
1030 4619 1093 4714 qui
1143 4613 1250 4686 etiam
1272 4613 1391 4684 literas
1414 4613 1453 4682 in
1477 4617 1609 4710 quibus
1624 4621 1791 4694 scribitur
1803 4623 1940 4700 Dotem
1955 4629 2131 4710 iuliacen-

105 4727 176 4798 iuit
198 4725 292 4794 tilius
314 4722 424 4815 patris
445 4711 594 4788 Lutheri
625 4717 791 4790 doctoris.
842 4715 939 4790 Bene
967 4722 1093 4798 valete.
1142 4737 1215 4785 sem
1228 4715 1425 4808 periculose
1439 4732 1629 4810 aegrotare.
1683 4720 1906 4825 Victorinum
1923 4731 2002 4809 Dux
2017 4737 2128 4815 Beue-

106 4827 324 4920 Properabat
341 4821 510 4906 nunciur;
538 4820 619 4892 ideo
634 4819 736 4913 plura
759 4819 911 4890 scribere
933 4845 1006 4892 nou
1028 4849 1093 4916 po·
1140 4819 1213 4887 siae
1227 4831 1329 4888 vocat
1346 4818 1498 4890 insuam
1513 4815 1760 4912 Academiam,
1779 4829 1840 4900 sed
1864 4831 1894 4902 is
1916 4841 2037 4914 mallet
2061 4868 2128 4914 no.

105 4933 170 5006 rui.
223 4927 300 4998 llos
325 4923 469 4996 adiicio:
505 4918 629 4994 Esaiae
644 4920 727 5008 ss..
754 4921 818 4994 ubi
840 4937 960 4996 noster
979 4937 1093 4998 textus
1140 4919 1277 4990 hiscum
1299 4943 1383 4995 esse.
1434 4919 1532 4992 Bene
1555 4939 1589 4994 et
1612 4923 1785 5000 ioeliciter
1807 4933 1933 5014 valete.
1983 4942 2041 5016 die
2066 4947 2128 5022 25,

1139 5019 1266 5092 Martii
1279 5045 1351 5116 quo
1366 5022 1424 5093 die
1439 5037 1520 5094 ante
1535 5019 1662 5094 Annos
1674 5023 1774 5104 5621
1793 5027 1909 5106 Adam
1930 5055 1966 5114 et
1988 5041 2125 5122 lleram
2203 5063 2210 5084 '

1138 5137 1274 5198 creatos
1289 5147 1363 5196 esse
1378 5125 1557 5200 scribitur.

103 5097 328 5124 *a*

138 5193 167 5258 ⁸)
187 5189 248 5246 Vid.
263 5207 306 5261 ep.
318 5185 344 5240 d.
359 5183 401 5240 ts.
416 5183 473 5240 len.
485 5183 512 5239 b.
526 5203 551 5240 s.

139 5277 188 5348 ὓ)
209 5270 534 5354 Utnmqoeorationem
554 5267 678 5323 dabimus
695 5265 732 5350 in·
744 5265 929 5350 Mplsotbouis
945 5267 1092 5324 Deelamr·
1661 5261 1848 5365 Phiiippus
1866 5273 2090 5362 Melanthos.

175 5347 310 5403 tionibus.
329 5341 375 5396 obs
398 5339 533 5410 legeretur.
576 5337 642 5392 Pers
660 5345 797 5392 orationes
815 5337 848 5390 ds
866 5355 919 5392 eon
998 5357 1023 5398 ιι,
1037 5343 1092 5394 lto·

177 5413 303 5470 contami
327 5411 426 5465 inserte
452 5417 493 5460 est
516 5406 647 5461 Melantb.
665 5401 773 5462 Consi}
789 5406 835 5460 let.
857 5406 888 5460 P.
911 5356 997 5462 lim.
1014 5407 1076 5464 ³46.

175 5501 257 5556 quem
280 5478 361 5534 etism
380 5476 535 5558 germanice
552 5475 632 5530 babes
648 5494 730 5550 supra
748 5475 776 5529 io
795 5472 863 5528 Md.
883 5425 1034 5532 Aemilios
1058 5447 1093 5535 si

173 5569 276 5608 sunum
300 5551 372 5604 1558,
391 5546 586 5618 spectantibus.
