4718 6176
160 350 165 360 .
219 285 290 392 ιιι
774 253 1212 340 nnrsrornnuu
1261 255 1372 340 orn.
1399 259 1500 339 xm.
1557 259 1688 344 ιιιι,
2183 261 2258 338 ιιι

228 457 442 526 desertorem
465 451 635 536 sponsae,
668 443 703 504 et
723 431 939 502 desertorem
962 427 1095 502 uxoris.
1144 423 1216 498 Sed
1266 425 1338 500 Sed
1354 421 1516 500 Florius
1535 453 1611 500 nen
1631 429 1763 501 desinit
1777 451 1872 500 nora
1886 427 2128 504 bellemoliri.
2180 425 2257 500 lam

230 558 261 626 si
283 555 348 624 istc
364 551 523 620 desertor
537 537 791 612 condemnatus
807 545 862 604 est
877 556 899 602 a
914 555 979 604 suo
993 527 1219 620 Magistratu,
1266 529 1408 624 scripsit
1441 532 1594 618 lituum,
1631 555 1736 626 quem
1769 529 1922 604 Senatm
1947 529 2258 624 Meideburgeneis

230 679 275 727 nc
299 663 415 746 potest
428 645 573 741 quidem
589 636 818 728 Magistratus
832 633 1045 706 sententiam
1062 631 1217 724 priorem
1267 655 1342 704 uon
1365 633 1481 704 voluit
1503 633 1580 720 edi,
1608 632 1648 704 in
1664 657 1736 728 quo
1750 628 1995 725 reprehendit,
2023 634 2120 726 quod
2140 633 2179 704 in
2190 635 2257 704 de·

230 757 389 838 abolere,
412 769 563 844 poenam
576 740 756 812 remittere
769 748 892 829 potest.
942 733 1039 804 llaec
1052 731 1218 826 politicae
1267 734 1431 806 linitione
1452 731 1642 826 Evangelii
1669 735 1736 806 leci
1764 735 1981 808 mentionem
2004 735 2259 826 poenitentiae,

231 881 366 952 poenae
384 847 545 923 remissio
568 845 614 914 ad
631 841 812 910 ministros
826 835 1014 928 Evangelii
1027 829 1123 905 nibil
1137 857 1217 926 per-
1267 861 1349 908 cum
1377 834 1615 927 Evangelium
1654 836 1799 932 proprie
1836 836 2021 930 patefaciet
2059 851 2258 929 peceatum,

229 965 337 1044 tinet,
364 957 422 1030 sed
451 950 593 1042 prodest
617 942 788 1012 desertori
803 953 844 1010 ut
858 939 945 1010 alibi
960 933 1121 1009 habitare
1135 957 1219 1028 pos-
1268 937 1364 1032 quod
1384 941 1539 1012 mundus
1560 963 1627 1010 nec
1646 939 1749 1010 novit
1769 938 1884 1010 hlium
1901 935 1972 1010 Dei
1990 960 2057 1008 nec
2078 941 2194 1012 eredit
2210 941 2259 1011 ei.

230 1067 288 1138 sit.
338 1057 378 1130 Si
393 1069 444 1126 est
457 1053 547 1122 iuste
563 1046 817 1118 condemnatus
833 1055 998 1113 ettamen
1011 1038 1217 1128 coniugium
1268 1039 1389 1111 Audio
1409 1063 1490 1110 euru
1513 1035 1773 1134 reprehendere
1795 1040 1902 1112 etiam
1923 1041 2095 1136 melam
2112 1041 2159 1114 de'
2172 1063 2260 1136 pec.

231 1160 381 1256 erpetit,
404 1157 481 1227 sine
497 1149 638 1245 publica
652 1143 871 1237 poenitentia
886 1165 961 1212 non
977 1156 1028 1214 est
1041 1139 1219 1232 recipien-
1267 1153 1345 1212 cato
1358 1141 1518 1234 originis.
1566 1141 1752 1236 Respondi
1765 1139 1859 1214 Duci
1872 1139 2180 1234 Megalburgensi‚
2203 1158 2260 1228 ut,

229 1267 309 1338 dus.
357 1259 416 1332 Do
434 1269 552 1328 antem
567 1245 756 1322 consilium
771 1245 923 1330 talibus,
945 1268 1026 1314 cum
1041 1241 1117 1312 sine
1132 1264 1219 1312 con·
1267 1244 1298 1314 si
1320 1239 1389 1314 hoc
1412 1266 1542 1336 corpus
1562 1244 1763 1331 doctrinae,
1796 1245 1893 1339 quod
1909 1246 1970 1337 pio
1984 1245 2102 1316 studio
2114 1247 2260 1336 collegi.

230 1363 330 1458 iugio
353 1373 445 1434 caste
466 1356 586 1425 vivere
606 1373 679 1419 nou
697 1360 863 1441 possunt,
888 1359 929 1416 ut
945 1347 1078 1416 ducant
1092 1365 1219 1414 uxores
1267 1369 1342 1416 non
1358 1345 1474 1438 placet
1487 1337 1646 1433 Flncio,
1677 1348 1762 1416 edet
1777 1367 1911 1418 novom
1926 1347 1971 1417 de
1986 1345 2156 1418 omnibus
2168 1349 2257 1419 arti-

232 1471 272 1537 in
295 1466 340 1536 iis
361 1459 470 1544 locis,
494 1455 558 1528 ubi
579 1453 714 1524 deserta
729 1473 803 1518 non
821 1443 974 1534 habitat,
999 1461 1035 1518 ct
1052 1447 1162 1514 doceo
1178 1468 1219 1514 ex
1268 1447 1368 1518 culis.
1429 1445 1467 1519 Si
1496 1447 1580 1518 illus
1609 1448 1809 1518 doctrinam
1836 1443 2015 1520 Ecclesiae
2043 1449 2259 1529 anteissent,

232 1593 305 1663 quo
329 1566 428 1635 fonte
448 1570 586 1649 sumpta
608 1551 654 1644 sit
671 1545 758 1621 haec
774 1543 955 1622 ἐπιείκεια.
1007 1546 1220 1638 Saepissime
1268 1545 1362 1618 nihil
1386 1550 1605 1640 repugnabo.
1655 1548 1736 1620 Hoc
1757 1550 1849 1640 agit,
1872 1559 1913 1620 ut
1934 1549 2123 1622 calunniis
2142 1565 2261 1644 captet

231 1673 282 1751 sic
306 1662 555 1760 respondimus
579 1646 772 1726 botherus
797 1664 833 1722 et
858 1672 933 1740 ego.
996 1647 1050 1720 Ac
1081 1647 1220 1718 lacilior
1269 1673 1372 1722 auree
1387 1651 1595 1743 populares.
1621 1664 1656 1722 et
1671 1651 1801 1743 passim
1819 1674 1839 1720 a
1855 1651 1978 1722 multis
1993 1653 2181 1743 pecuniam
2198 1677 2260 1724 er-

231 1793 336 1844 causa
353 1781 406 1839 est
421 1767 460 1835 in
474 1759 674 1833 desertione
689 1777 849 1848 sponsae.
865 1753 928 1823 ubi
943 1763 1020 1842 post
1032 1749 1219 1821 biennium
1269 1765 1444 1847 torqueat.
1496 1750 1608 1826 Multi
1623 1752 1692 1823 iam
1708 1766 1858 1824 remeant
1874 1755 1970 1846 qnod
1989 1767 2077 1844 agat.

232 1874 363 1946 diserte
376 1870 434 1938 lex
449 1865 524 1958 ipsa
541 1857 704 1932 concedit
717 1857 851 1926 nubere
867 1853 981 1927 alteri.
1030 1851 1221 1924 Liberatur
1371 1850 1427 1924 De
1458 1846 1647 1952 triumpho
1680 1855 1768 1926 iussi
1799 1855 1898 1946 pingi
1924 1856 2097 1946 integram
2121 1855 2263 1942 seriem,

231 1999 317 2067 ergo
336 1975 367 2042 is
390 1967 453 2064 qui
472 1979 547 2036 tam
570 1962 635 2034 din
655 1957 787 2042 abfuit,
827 1957 887 2028 sed
910 1954 1066 2048 peccavit
1089 1966 1219 2023 tamen.
1270 1979 1361 2048 qsxae
1391 1968 1486 2027 extat
1515 1956 1555 2026 in
1583 1952 1774 2028 Plutarcho
1803 1957 1842 2026 in
1870 1956 1942 2027 vite
1965 1955 2068 2026 Pauli
2090 1951 2265 2052 Aemylii.

232 2075 282 2150 Et
297 2069 511 2169 pronunciet
526 2087 609 2138 enm
626 2061 788 2130 minister
800 2055 988 2147 Evangelii
1004 2055 1159 2126 libenter
1172 2054 1220 2124 li·
1271 2057 1392 2128 Primo
1414 2057 1516 2130 ibant
1534 2058 1666 2140 milites
1687 2071 1862 2148 meantes
1887 2057 2000 2150 spolia
2019 2072 2052 2128 ct
2067 2059 2180 2152 pictas
2197 2083 2263 2130 ur-

232 2182 380 2260 bemm,
401 2173 463 2244 sed
481 2163 698 2262 pomitentia
714 2159 948 2256 praecedenti.
985 2155 1097 2232 Sumo
1114 2157 1221 2229 ctiam
1271 2160 1333 2228 bes
1358 2172 1392 2230 et
1414 2159 1588 2250 regiones.
1641 2157 1807 2230 Proxime
1832 2181 1976 2230 currum
2001 2161 2262 2232 unumdebant

233 2280 409 2354 rationem
434 2295 476 2346 ex
497 2269 569 2340 alio
592 2268 711 2350 sonte,
743 2285 848 2356 quam
873 2261 1067 2354 aliquando
1088 2257 1144 2330 vel
1161 2283 1223 2330 co·
1271 2259 1365 2354 capti
1379 2256 1494 2352 Reges
1506 2275 1545 2335 et
1557 2261 1752 2355 Principes.
1801 2259 1941 2334 Deinde
1955 2261 2120 2333 venenu
2134 2265 2264 2334 sedens

234 2405 311 2456 ram
344 2377 410 2452 tibi
442 2391 633 2466 exponam,
667 2365 725 2438 vel
747 2363 952 2455 significabo
978 2361 1223 2455 pereruditus
1272 2363 1311 2434 in
1328 2364 1578 2472 cumuuictor.
1614 2361 1665 2436 Et
1677 2363 1847 2435 sedebant
1863 2365 1962 2456 apud
1976 2387 2057 2434 eum
2073 2365 2142 2434 filii
2156 2365 2261 2457 parvi

233 2485 377 2556 amicos.
435 2475 533 2548 Bene
554 2469 644 2544 vale.
699 2465 808 2540 Mitto
831 2465 1031 2536 orationem
1058 2464 1103 2536 de
1123 2462 1223 2534 Duce
1273 2479 1308 2535 ct
1329 2465 1443 2551 filiae,
1478 2479 1520 2537 ut
1540 2478 1740 2557 spectarent
1760 2479 1942 2558 paternam
1975 2466 2133 2555 gloriam.
2188 2463 2257 2537 Se-

234 2571 524 2672 Luneburgensi
545 2567 718 2644 Ernesto.
776 2563 826 2638 Et
846 2579 929 2636 sunt
948 2565 1089 2636 additae
1115 2586 1223 2657 quae·
1273 2567 1474 2662 quebantur
1502 2567 1663 2659 proxime
1690 2567 1832 2638 liberati
1855 2567 1900 2637 ab
1925 2561 2087 2637 hostibus
2110 2567 2200 2638 cives
2221 2582 2261 2642 et

235 2689 369 2760 stiones
386 2675 445 2774 *),
478 2677 515 2746 in
541 2673 672 2768 qulb¹¹⁸
694 2669 919 2740 dulcissimae
936 2667 1109 2760 quaedam
1126 2677 1221 2734 vete·
1273 2667 1463 2762 principes.
1513 2668 1657 2740 Deinde
1672 2670 1911 2762 sequebantur
1924 2683 2101 2740 senatores
2112 2683 2149 2742 et
2163 2672 2263 2763 capi·

236 2776 723 2860 rcssenteutiaerecitaotur.
769 2767 901 2840 lterum
918 2769 996 2838 vale
1012 2781 1047 2838 et
1059 2765 1224 2840 rescribe.
1275 2769 1369 2841 tanei
1395 2769 1593 2862 praecipui,
1625 2771 1687 2866 qui
1712 2772 1859 2841 suerunt
1874 2772 1968 2861 apud
1982 2770 2165 2842 victorem.
2220 2771 2262 2842 ln

233 2887 305 2960 Die
318 2887 354 2958 S.
367 2881 503 2958 Martii.
1274 2885 1452 2964 postremo
1468 2871 1608 2962 agmine
1623 2895 1704 2964 pars
1719 2871 1874 2944 militum
1889 2885 1966 2946 erat
1980 2885 2015 2942 et
2028 2873 2139 2964 plebs.
2193 2871 2265 2946 Fa-

321 2986 450 3074 'Quod
484 2979 611 3054 obiicis
632 2987 755 3048 notato
781 2972 819 3042 in
840 2967 995 3044 Ecclesia
1017 2971 1131 3040 civem
1150 2992 1225 3038 nou
1275 2973 1354 3044 cilis
1377 2973 1656 3045 accommodatio
1688 2987 1750 3050 est.
1814 2967 2039 3044 Praeccdunt
2061 2974 2178 3064 angeli
2202 2999 2266 3066 ge-

238 3095 406 3163 daturum
428 3084 557 3166 liliam,
583 3081 708 3148 doceas
731 3097 810 3158 eos,
836 3069 1117 3144 Ecclesiasticam
1142 3093 1227 3142 cen·-
1276 3087 1407 3146 stantes
1421 3095 1573 3160 crucem,
1591 3077 1629 3146 in
1644 3099 1714 3171 qua
1729 3077 1885 3167 pendent
1898 3070 2132 3169 chirographa
2147 3075 2265 3150 deleta

237 3215 357 3264 euram
382 3209 458 3258 non
481 3203 608 3254 nocere
623 3179 656 3248 ei
672 3177 712 3248 in
727 3175 862 3268 politia.
914 3173 1035 3247 Potest
1049 3197 1105 3244 res
1119 3173 1225 3244 etiam
1276 3191 1447 3272 tanquam
1464 3177 1589 3268 spolia.
1621 3175 1719 3251 llaec
1734 3178 1849 3268 imago
1868 3178 2072 3248 dulcissima
2090 3193 2158 3251 est:
2181 3203 2267 3274 pec-

235 3290 416 3382 mitigari,
443 3301 485 3358 ut
507 3277 678 3355 adhibitis
698 3277 820 3371 paucis
840 3277 878 3346 in
895 3276 1049 3348 sacrario
1064 3275 1225 3347 absolve·
1277 3291 1353 3350 cata
1375 3291 1537 3370 superata
1561 3300 1653 3366 csse,
1682 3291 1718 3350 et
1732 3279 1845 3374 legem
1864 3275 2049 3370 spoliatam
2064 3279 2143 3352 iure
2159 3305 2266 3353 accu-

235 3409 307 3467 tur.
361 3389 539 3462 Iniustum
554 3395 605 3454 est
621 3379 740 3452 nullas
756 3378 848 3450 velle
862 3379 955 3470 leges
970 3377 1056 3471 pati.
1278 3379 1436 3469 sationis.
1492 3375 1633 3451 Deinde
1665 3395 1747 3452 ante
1778 3405 1923 3451 currum
1947 3381 2127 3452 ducuntur
2151 3383 2268 3456 vincti

1278 3479 1415 3552 diaboli
1436 3493 1471 3552 et
1490 3481 1635 3576 tyranni
1656 3495 1695 3554 et
1711 3476 1881 3554 haeretici
1897 3495 1931 3554 et
1945 3483 2049 3575 impii
2064 3477 2269 3562 Pontifices.

241 3617 1224 3658 -------·--·-·--·-···-····-·····
1278 3581 1404 3654 Postea
1419 3583 1518 3654 venit
1535 3577 1700 3655 Christus
1715 3584 1753 3659 iu
1770 3605 1877 3654 curru
1900 3581 2130 3678 triumphali,
2159 3611 2270 3681 quan

836 3691 841 3700 '
1279 3679 1427 3758 trabant
1448 3679 1691 3778 prophetasse
1705 3681 1964 3776 Evangetistae.
2017 3683 2066 3758 Et
2082 3701 2165 3760 sunt
2180 3689 2273 3760 libri

251 3788 447 3870 nunaut.
1092 3779 1229 3902 Q
1279 3789 1318 3857 in
1350 3809 1469 3858 eumn.
1531 3783 1687 3858 Curmm
1721 3801 1919 3882 sequuntur
1951 3785 2092 3860 liberati
2131 3805 2271 3880 patres:

245 3890 457 3928 Μ
1281 3888 1417 3973 Adam,
1448 3885 1568 3970 liena,
1601 3883 1784 3960 Abraham
1809 3903 1845 3962 et
1870 3903 1943 3962 tots
1965 3891 2160 3963 multitudo
2181 3915 2272 3964 san-

401 3994 406 4000 '
514 3983 593 4070 Ge.
624 3981 948 4070 Buclslsolzcro.
1281 4003 1430 4061 crorum.

307 4157 530 4236 ...aa
545 4151 711 4215 ...m
728 4150 765 4208 ⁰·
778 4151 808 4210 L·
822 4151 881 4207 ⁵⁴¹·
1282 4192 1366 4264 a...
1384 4083 1938 4264 titat¹21¹²³stttz¹tm
1948 4093 2276 4272 ezitisan:

238 4319 446 4417 Georgia
473 4303 825 4398 Bethlehem,
863 4304 1016 4380 Pastori
1041 4303 1232 4380 Ecclesiae
1275 4286 1407 4412 ftfdt'q
1423 4289 1730 4386 tibmbtplisllss·
1782 4291 1976 4381 Dicebant,
2007 4298 2275 4372 dictaminu-

516 4411 596 4488 Da·
619 4415 661 4486 in
687 4409 775 4486 urhe
795 4417 945 4486 ,gr-0500,
1283 4409 1516 4466 minationem
1546 4397 1733 4486 petendam
1755 4409 1790 4467 et
1809 4400 2060 4488 expectandam
2081 4423 2155 4470 esse
2178 4402 2275 4473 ieiu-

1160 4530 1163 4538 ,
1283 4496 1355 4565 niis
1377 4508 1412 4566 et
1433 4495 1513 4566 aliis
1534 4497 1723 4585 exercitiis3
1755 4494 1871 4569 hom
1893 4523 1967 4569 non
1989 4520 2064 4570 csse
2094 4501 2273 4576 efficacem

242 4563 291 4651 S.
315 4565 361 4648 D.
409 4563 624 4640 Reverende
638 4563 695 4633 vir
710 4577 744 4633 et
759 4561 878 4634 caries.
897 4561 1029 4679 irater..
1068 4555 1233 4632 Pastores
1284 4596 1495 4687 cogitatione
1509 4598 1703 4690 mimum
1718 4611 1836 4671 mm
1850 4615 2162 4678 mmmmm·
2196 4603 2275 4678 Nu

239 4669 482 4750 Ecclesiamm
508 4665 676 4738 articulos
696 4677 961 4756 proposuerunt
980 4685 1100 4732 manus
1123 4661 1233 4732 duros
1286 4701 1295 4718 ·

239 4797 351 4872 quam
372 4771 445 4840 dux
466 4763 788 4858 Megalburgensis3
823 4763 942 4858 itaque
962 4761 1073 4852 magis
1094 4761 1233 4856 placide
1285 4699 1644 4891 :gfflgrebffifitgss
1662 4723 1821 4874 &affl
1834 4703 1941 4874 {triga
1958 4701 2091 4896 :0232
2115 4709 2277 4898 {⁰351

237 4871 445 4972 pastoribus
461 4867 642 4961 respondi.
693 4861 838 4938 Curabo
855 4884 1045 4960 utramque
1059 4863 1233 4983 actionem
1286 4903 1386 4973 dom
1408 4913 1618 4975 mmmm·
1669 4898 1744 4972 pm
1760 4901 1959 4994 Augustani
1981 4907 2201 4998 puppem,
2232 4927 2277 4983 m

241 4973 417 5056 describi,
450 4993 491 5041 ac
525 4969 628 5040 vobis
658 4969 818 5050 mittam,
858 4981 899 5038 ut
930 4968 1067 5056 integre
1093 4961 1235 5058 possitis
1286 4999 1354 5074 hac
1376 5003 1476 5073 dm
1494 5002 1657 5076 scribam·
1709 4997 2046 5102 Megapgmmps
2059 5011 2277 5086 mim-m

240 5096 433 5172 agnoscere
461 5071 550 5166 quid
581 5083 615 5140 et
645 5069 899 5164 proposuerint
919 5084 954 5140 et
978 5065 1235 5160 responderim.
1286 5104 1411 5196 pem

239 5179 303 5254 Me
321 5175 492 5270 cupidum
510 5195 584 5244 esse
598 5169 709 5264 pacis,
734 5171 916 5242 silentium
933 5194 1050 5240 meum
1071 5167 1237 5240 ostendit.
1288 5199 1429 5276 Mamm

1433 5105 1473 5174 in
1494 5104 1568 5175 suis
1591 5105 1767 5192 articulis,
1804 5122 1845 5179 ut
1865 5109 2087 5195 damnerem,
2119 5116 2276 5206 quaein

1431 5229 1451 5274 a
1472 5227 1633 5277 concessa
1656 5219 1759 5292 sunt,
1788 5231 1869 5279 cum
1884 5209 2028 5283 luerunt
2044 5211 2277 5290 deliberatio-

242 5343 470 5368 ,.,..........
1288 5329 1351 5376 nes
1375 5307 1596 5383 deinterim.
1647 5303 1749 5380 Adeo
1765 5307 1902 5384 duriter
1915 5335 2054 5386 mecum
2069 5315 2151 5404 egit.
2203 5315 2277 5392 Sed

277 5445 310 5516 e)
327 5435 587 5498 Ειιιιιιιῑιιιιι
601 5435 1020 5506 οιιιιιιοιὶι.ιιιι.ιιῑιὶιιι
1036 5431 1238 5507 Ιιιιομιιο.
1288 5408 1471 5502 repudiavi
1499 5409 1578 5478 illas
1599 5408 1822 5482 conditiones
1838 5414 2034 5506 perspicue.
2082 5413 2194 5490 Mitto
2208 5420 2277 5492 tibi
