4738 6186
807 318 1240 418 urrs'roraauu

1084 513 1217 587 aulul

1061 605 1232 639 Μ

515 709 576 799 Α.
606 711 969 834 Hardcaberpio.
1035 823 1047 844 1

243 336 352 417 575‘
431 289 441 301 ’

267 511 334 582 Νο.
350 509 465 588 6558.

255 609 470 647 Μ

319 893 386 965 app.
403 895 435 948 aa
454 893 637 962 aaraensng.
652 910 694 962 ep.
713 891 758 946 20.

425 1049 483 1122 D.
509 1047 702 1122 Alberto
728 1043 1063 1142 Hardebergiu.

250 1192 301 1278 S.
328 1203 374 1274 D.
425 1199 634 1274 Reverendo
655 1202 730 1284 vir,
755 1212 789 1268 et
806 1198 985 1268 carissime
1003 1199 1123 1274 frater.
1175 1197 1240 1270 Se-

249 1309 306 1376 nis
330 1301 438 1376 buius
459 1303 635 1374 tabellarii
660 1323 765 1393 opera
782 1298 873 1370 mihi
886 1315 1046 1392 pergrata
1063 1313 1136 1375 est.-
1157 1297 1240 1369 ¹Li-

192 1393 197 1401 ⁸
249 1411 376 1479 beuter
400 1407 495 1476 enim
521 1419 635 1475 tecum
652 1405 932 1498 quotiescunque
949 1425 1112 1492 possum,
1138 1401 1239 1495 quasi

250 1511 454 1602 colloquor,
482 1506 530 1578 Et
548 1507 705 1576 fortassis
720 1507 901 1598 aliquanto
925 1518 1006 1595 post
1027 1527 1145 1573 coram
1166 1503 1239 1572 col-

251 1615 459 1708 loquemur,
484 1611 540 1679 vel
562 1610 601 1678 in
623 1622 682 1679 tua
707 1607 857 1691 vicinia,
882 1607 940 1676 vel
963 1607 1002 1674 in
1023 1628 1099 1674 mea
1115 1605 1238 1696 patria.

251 1715 325 1783 lam
342 1713 437 1782 enim
453 1725 654 1802 expectatur
668 1709 776 1778 editio
796 1732 963 1778 censurae
982 1702 1239 1800 Turingicae*)

250 1841 312 1886 seu
327 1813 444 1906 potius
452 1812 630 1906 βλακικῆς
638 1863 649 1896 ,
677 1813 721 1879 de
737 1811 858 1880 multis
872 1810 1053 1879 doctrinae
1069 1810 1240 1900 partibus,

248 1913 333 2010 napi
357 1908 522 2014 ἀνάγκης
535 1917 725 2006 Στωϊκῆς,
751 1908 834 2006 περὶ
856 1905 1134 2006 ἀρτολατρείας,
1157 1933 1240 2007 περι

250 2013 477 2110 descriptura,
497 2017 561 2087 ubi
578 2037 716 2084 necesse
733 2014 801 2084 erit
815 2039 872 2083 me
887 2015 1114 2106 respondere:
1139 2015 1237 2106 quud

249 2122 377 2191 inciam
392 2117 470 2188 Deo
489 2117 633 2188 iuvante
649 2117 773 2208 plane,
799 2119 860 2186 sed
872 2113 1239 2186 communicatis'sen-

250 2221 370 2294 lentiis
386 2245 465 2290 cum
487 2219 556 2312 piis
581 2231 615 2290 et
628 2219 751 2292 doctis.
805 2217 973 2288 Publicae
998 2216 1240 2310 tranquillita-

250 2325 296 2395 tis
319 2346 422 2394 causa
447 2317 533 2392 haec
557 2321 748 2390 certamina
776 2314 945 2390 hactenus
961 2319 1099 2409 defugi,
1124 2342 1239 2412 quan-

250 2441 327 2496 tum
342 2424 451 2516 potui.
495 2423 563 2496 Sed
582 2436 769 2516 postquam
784 2421 925 2494 irritare
939 2445 997 2490 me
1012 2421 1151 2491 inimici
1164 2443 1240 2490 non

250 2528 437 2610 desinunt,
469 2537 504 2595 'et
529 2547 664 2594 errores
689 2524 892 2610 cumulant,
927 2547 1066 2593 necesse
1089 2537 1158 2607 est,
1185 2545 1241 2591 me

248 2627 451 2700 testimonia
469 2627 539 2696 mei
555 2626 678 2696 iudicii
693 2625 916 2719 relinquere,
942 2626 1038 2718 quod
1054 2624 1136 2694 volo
1153 2648 1250 2695 con-.

250 2739 376 2821 gruere
392 2754 472 2799 cum
489 2753 570 2798 vera
587 2723 765 2813 Ecclesia,
781 2729 826 2798 td
843 2742 913 2808 est,
936 2751 1016 2797 cum
1032 2725 1101 2818 piis
1125 2739 1160 2798 et
1175 2729 1241 2798 do·

250 2833 316 2902 ctis
331 2833 510 2906 omuibus.
561 2827 659 2900 Bene
675 2831 764 2905 vale.
815 2830 883 2902 Die
897 2829 958 2904 20.
974 2829 1082 2911 Iulii.

1097 2924 1191 3000 Phil.

1103 3157 1217 3166 ..ι-ιι·-

253 3147 541 3174 ΜΘ·-

1291 337 1396 421 LlB.
1424 345 1525 424 Xlll.
1580 347 1713 430 1558.
2203 367 2273 440 sta

1293 515 1368 604 edi,
1380 521 1501 614 ‘quam
1517 523 1561 594 ad
1579 550 1642 596 vos
1658 527 1800 599 accedet
1815 545 1927 602 vester
1943 527 2133 630 ἁρμοστὴς
2138 589 2150 622 ,
2178 561 2274 632 quem

1295 631 1412 690 tamen
1437 625 1583 698 nonita
1610 641 1766 714 metuas,
1800 645 1840 706 ut
1871 635 2122 708 existimationi
2147 651 2276 712 vestrae

1293 721 1448 816 aliquam
1478 729 1689 800 nubeculam
1717 731 1856 804 offundi
1889 737 1995 813 sinas.
2052 735 2131 811 Oro
2168 756 2276 812 atatem

1293 823 1406 897 filium
1420 825 1506 910 Dei,
1524 845 1564 902 ut
1580 855 1646 902 nos
1664 835 1843 922 gubernet.
1896 837 1993 911 Bene
2010 841 2087 912 vale
2105 856 2140 913 et
2158 847 2279 915 rescri-

1292 926 1347 1002 be.
1397 927 1643 1009 Dieluliiaa.
1663 931 1772 1010 1558.

2032 1041 2239 1140 Philippus.

1300 1249 1767 1274 cunum—nuov—
1774 1263 2060 1278 *mannan-mmo
2067 1271 2073 1278 ι
2081 1271 2115 1279 ι-.
2122 1274 2127 1279 .
2138 1271 2213 1281 --αψ-
2222 1271 2284 1282 -ο-ιι

1291 1361 1360 1436 Νο.
1373 1360 1486 1441 6560.

1291 1461 1492 1498 νὴ,

1432 1539 1441 1554 ’
1519 1655 1522 1664 1
1554 1553 1707 1644 loaele.
1738 1555 2018 1650 camerario.

1362 1713 1447 1788 Epist.
1460 1717 1493 1773 ad
1506 1715 1614 1775 (iomar.
1633 1737 1660 1791 p.
1673 1720 1733 1777 ast.
1755 1723 1807 1792 (ed.
1821 1717 1910 1780 Lond.
1926 1726 1974 1780 lib.
1987 1723 2036 1782 1v.
2054 1743 2098 1799 ep.
2110 1727 2206 1794 aaa).

2119 1392 2181 1456 2⁵.
2215 1381 2267 1454 ln.

2105 1478 2274 1508 M

1228 1906 1238 1934 s
1291 1862 1452 1952 Clariss.
1488 1877 1565 1948 viro
1601 1874 1804 1950 eruditione
1839 1891 1871 1952 et
1904 1881 2033 1953 virtute
2071 1893 2279 1982 praestanti

1291 1973 1320 2046 I
1325 1973 1537 2050 oac'himo
1554 1969 1828 2054 Camerario
1845 1983 1974 2082 fratri
1988 2009 2057 2056 suo
2079 1987 2280 2078 carissimo,

1292 2095 1342 2186 S·
1368 2109 1432 2201 D.⁸
1464 2111 1543 2187 Etsi
1560 2115 1599 2185 in
1611 2118 1849 2208 inspectione,
1875 2121 1919 2188 de
1935 2145 2005 2214 qua
2027 2123 2177 2208 scribis,
2208 2151 2277 2197 usus
2349 2157 2350 2162 ¹

1292 2215 1362 2284 mei
1377 2217 1500 2287 nullus
1514 2231 1584 2304 est,
1610 2233 1645 2290 et
1660 2243 1742 2290 vere
1757 2244 1836 2290 snm
1856 2219 1941 2292 οὔτε
1954 2217 2095 2316 τρίτος,
2124 2224 2217 2298 οὔτε
2231 2227 2272 2297 ri-

1290 2341 1444 2412 ταρτος,
1476 2333 1595 2390 tamen
1628 2323 1673 2390 ad
1705 2345 1768 2390 vos
1796 2325 2014 2410 accederem,
2044 2327 2132 2418 quia
2168 2335 2272 2420 probo
2349 2393 2350 2430 ,

1292 2421 1481 2490 consilium
1498 2422 1746 2516 inspectionis,
1769 2435 1803 2492 et
1819 2427 2113 2497 consuetudinem
2139 2455 2272 2500 conser—
2349 2479 2350 2494 .

1291 2521 1369 2593 v‘ari
1383 2523 1503 2610 velim,
1519 2537 1554 2594 et
1570 2538 1685 2595 vestro
1698 2540 1890 2616 conspectu
1903 2541 1937 2600 et
1953 2529 2079 2600 vestris
2091 2531 2272 2628 colloquiis

1292 2625 1459 2700 delector.
1514 2624 1585 2697 Sed
1608 2627 1763 2697 retinent
1786 2653 1843 2697 me
1863 2629 1997 2700 multae
2020 2623 2169 2718 causae,
2200 2660 2269 2728 quas

1291 2751 1368 2796 non
1384 2751 1642 2812 commemoro,
1674 2751 1719 2798 ne
1742 2729 1905 2799 videatur
1929 2755 2003 2800 esse
2024 2725 2203 2826 σχήματα
2222 2735 2265 2806 tn·

1246 2839 1250 2848 '
1291 2853 1377 2926 yov:
1412 2853 1485 2900 una
1510 2843 1582 2916 est,
1608 2853 1716 2924 quam
1739 2831 1940 2900 iudicabitis
1962 2834 2114 2920 iustam,
2149 2853 2184 2908 et
2209 2863 2264 2906 non

1293 2931 1462 3002 ironicam
1478 2955 1561 3005 esse.
1614 2929 1728 3002 Filiae
1743 2927 1883 3001 Sabini
1896 2934 2013 3003 nescio
2030 2951 2153 3007 utrum
2173 2943 2262 3010 stritus
2349 2969 2350 2974 ¹

1293 3056 1339 3102 an
1354 3033 1495 3122 nuptias
1509 3057 1694 3130 paremus,
1720 3047 1864 3126 propter
1884 3029 1976 3106 hanc
1993 3039 2096 3107 domi
2116 3041 2252 3118 retineor,

1293 3148 1328 3205 et
1342 3158 1443 3228 spero
1459 3157 1523 3204 vos
1538 3157 1602 3226 pro
1620 3149 1733 3206 vestra
1751 3137 1939 3228 sapientia,
1954 3133 2045 3207 mibi
2062 3143 2188 3210 veniam
2201 3141 2253 3207 da-

1197 3273 1199 3280 s
1292 3250 1403 3310 turos.
1454 3234 1506 3306 Te
1531 3237 1675 3330 quidem
1701 3238 1789 3307 boni
1811 3240 1993 3310 consulere
2018 3265 2135 3312 meam
2155 3243 2260 3311 abien

262 3314 328 3389 No.
345 3311 457 3388 6559.

261 3414 472 3453 Μ
602 3513 712 3628 cpe.
740 3511 890 3600 Libia.

243 3661 244 3666 Ἰ
348 3673 424 3746 ·1·Er
438 3692 534 3747 apogr.
546 3673 574 3728 in
590 3673 653 3730 eod.
665 3671 750 3728 Paris.
767 3671 804 3727 D.
818 3669 851 3726 L.
868 3669 927 3728 54⁸.
970 3713 971 3720 ,

1104 3325 1164 3388 28·
1180 3315 1241 3385 lul.

1100 3407 1238 3434 M

1292 3339 1378 3409 tiam
1402 3361 1475 3407 non
1491 3339 1637 3421 dubito,
1660 3363 1700 3408 ac
1722 3364 1806 3422 oro,
1832 3353 1871 3409 ut
1888 3365 2000 3410 meam
2017 3345 2264 3414 excusationem

1292 3439 1393 3510 anlae'
1416 3453 1452 3510 et
1472 3439 1614 3528 collegis
1632 3463 1796 3532 exponas.
1848 3440 1976 3512 Aestus
2001 3443 2130 3516 afflixit
2150 3447 2269 3516 multos

1291 3544 1386 3635 apud
1404 3565 1469 3610 nos
1479 3543 1557 3626 ‚sed
1569 3539 1638 3612 Dei
1651 3541 1822 3612 beneficio
1836 3565 1943 3632 gener
1959 3557 2040 3614 tuus
2055 3549 2273 3618 convalescit.

1403 3641 1457 3713 De
1471 3667 1618 3730 munere
1638 3641 1803 3734 Doctoris
1819 3639 1972 3738 Aegida·
1993 3647 2082 3717 scito
2106 3673 2165 3718 me
2181 3651 2274 3719 valde
2349 3727 2350 3740 χ

1290 3745 1501 3816 delectatum
1519 3767 1591 3815 esse
1607 3746 1682 3818 eius
1698 3749 1868 3832 candore,
1892 3743 1956 3818 καὶ
1968 3744 2137 3842 aoraton
2154 3747 2278 3844 ὀπηδεῖ

273 3827 622 3932 011νὶ8ῑορῆοΓιο
653 3825 816 3916 Libit),
848 3818 1004 3900 PPSiW'
1022 3825 1214 3904 E0⁶l⁶⁸issl
1285 3839 1405 3942 χάρις.
1456 3843 1505 3918 Et
1528 3843 1643 3917 Deum
1670 3861 1863 3918 creatorem
1886 3873 2053 3920 venarum
2084 3855 2277 3924 metallica-

551 3927 941 4026 Brarrdeaburgensis.
953 3946 959 3954 '

246 4073 298 4160 S.
321 4074 367 4156 D.
417 4078 626 4152 Reverende
642 4080 700 4150 vir
720 4093 754 4151 et
774 4079 892 4149 carisa.
915 4081 1034 4154 irater.
1086 4077 1235 4153 Gaudeo

1289 3973 1369 4019 rum
1404 3950 1605 4032 orabimus,
1640 3963 1680 4018 ut
1714 3973 1770 4018 cas
1801 3951 1999 4024 foecundet.
2058 3949 2160 4026 Bene
2189 3957 2278 4044 pale,
2349 3967 2350 3990 ¹

1288 4049 1387 4120 Vlll.
1402 4049 1478 4124 Cal.
1501 4047 1666 4140 Augusti.
1717 4049 1885 4142 Significa
1904 4077 1950 4122 an
1975 4047 2069 4123 hane
2092 4059 2276 4148 epistolam
2349 4113 2350 4154 3

246 4187 315 4262 tibi
330 4183 468 4258 itineris
483 4185 521 4250 in
538 4177 605 4251 boc
618 4195 716 4251 aestu
730 4181 928 4250 molestiam
944 4181 1086 4252 leniisse
1102 4185 1235 4254 dulcis·
1286 4175 1469 4245 aecepim-

247 4291 357 4360 simos
372 4307 680 4374 congressus.cum
700 4282 786 4350 viris
801 4282 888 4372 piis,
913 4283 1046 4364 doctis,
1072 4286 1234 4356 candidis

246 4407 282 4462 et
304 4387 505 4462 amantibus
535 4385 697 4478 publicae
723 4383 944 4457 concordiae.
1003 4388 1054 4454 Ac
1079 4388 1234 4477 prodest,

247 4496 333 4565 tales
351 4515 452 4582 saepe
463 4485 672 4566 convenire,
685 4485 766 4579 quia
777 4487 952 4558 contraria
966 4487 1083 4569 factio,
1097 4489 1233 4558 etiamsi

161 4645 164 4654 .
245 4591 340 4666 nihil
354 4591 540 4675 molimur,
564 4591 605 4659 lit
621 4588 831 4680 languidior.
881 4583 1058 4679 Expector
1083 4603 1117 4661 et
1142 4602 1233 4661 teet
1285 4577 1495 4710 Q

244 4689 394 4768 Petrum
418 4687 668 4774 Praetorium,
702 4703 735 4760 et
758 4713 837 4759 cum
854 4685 994 4759 Etesiae
1023 4690 1094 4760 iam
1126 4692 1232 4762 nobis

244 4799 326 4868 sind
343 4796 507 4875 secundi,
534 4791 590 4864 his
603 4792 771 4862 flantibus
786 4813 892 4884 quam
909 4792 1063 4881 primum
1082 4817 1146 4863 vos
1167 4795 1232 4878 ad-

243 4900 366 4970 venire
381 4897 501 4970 velim.
552 4895 623 4966 Sed
647 4897 692 4964 ad
713 4894 805 4962 filiae
828 4885 1068 4987 secundae**)
1091 4894 1231 4986 nuptias

243 4999 321 5071 Deo
343 4997 489 5072 iuvante
511 5011 546 5067 te
570 4997 775 5066 adfuturum
799 5017 873 5065 esse
903 5017 1018 5086 spero.
1071 4993 1231 5078 Psalmos

243 5126 324 5172 vere
346 5125 452 5197 quam
476 5099 633 5192 primum
656 5097 713 5168 edi
737 5097 864 5181 velim,
889 5119 930 5168 ac
956 5095 1108 5188 optarim
1129 5098 1230 5190 prius

164 5413 167 5418 .
273 5361 305 5426 ¹⁸)
325 5357 481 5412 Conventus
497 5353 622 5410 Vinariae
638 5353 692 5410 boc
703 5362 827 5426 tempore
838 5352 954 5409 babitus.

271 5461 322 5584 *¹¹2
341 5457 515 5520 catharinae.
539 5455 610 5512 filiae
629 5455 738 5525 Sabini,
764 5441 833 5527 quae
852 5455 946 5528 nupsit
967 5451 1095 5511 Michaett
1120 5451 1230 5508 Maien-

301 5588 304 5598 Ι
325 5545 402 5600 orgo.

1980 4285 1987 4308 ν
2026 4253 2234 4351 Philippus.
2349 4249 2350 4256 ἵ

1506 4749 1634 4835 Hier.
1664 4749 2054 4862 Baamgartaero.

1350 4893 1435 4965 Epist.
1448 4894 1495 4950 lib.
1505 4875 1552 4948 Vl.
1566 4912 1594 4964 p.
1604 4893 1656 4949 236
1668 4911 1710 4965 sq.
1746 4893 1797 4950 llic
1810 4913 1840 4950 ea
1852 4895 2023 4969 autographo
2038 4895 2068 4950 in
2085 4897 2146 4954 eod.
2159 4896 2247 4953 bion.
2257 4899 2275 4953 l.

1381 4983 1407 5036 p.
1430 4963 1496 5027 234,
1521 4963 1564 5017 eni
1579 4963 1809 5033 baumgartnerua
1832 4963 1990 5036 adscripsit:
2014 4967 2134 5038 „1⁵58.‚
2150 4967 2195 5022 15.
2213 4973 2276 5022 Ao·

1384 5033 1455 5104 gusti
1473 5051 1521 5104 per
1534 5031 1697 5087 llliebaelem
1711 5033 1894 5108 Rotingum.”

1648 5257 1752 5330 urbis
1768 5253 1902 5334 Norib.

1282 5378 1330 5464 S.
1357 5391 1402 5467 l).
1451 5389 1593 5464 Clariss.
1616 5394 1672 5462 vir
1693 5407 1727 5461 et
1743 5390 1897 5462 Patrone
1919 5394 2035 5467 carias.
2088 5391 2178 5464 Amo
2209 5418 2273 5462 ve·
2349 5429 2350 5450 .

1284 5509 1392 5566 terem
1434 5519 1591 5578 versum,
1643 5495 1703 5588 qui
1739 5509 1771 5562 et
1805 5495 1857 5562 tui
1891 5497 2003 5564 animi
2035 5497 2163 5586 efligies
2197 5511 2269 5564 est:
2349 5503 2350 5590 ]

2039 4623 2044 4636 ·
2130 4595 2262 4674 1.Ang.
2349 4623 2350 4644 t

1282 5157 1568 5254 Hieronymo
1592 5153 1960 5252 Bomgartaero,
1986 5153 2161 5230 Senatori
2175 5159 2276 5239 irael.
2349 5129 2350 5208 i
