4718 6176
123 262 171 342 bl
707 253 1154 346 omsuonttttttu
1204 257 1318 338 Llll.
1343 252 1446 394 sxm'
1501 256 1636 344 tosa.
2107 277 2157 356 ες

107 435 233 528 lingna
254 428 410 510 Arabica
427 427 580 510 Miseri
592 427 634 528 ⁸).
684 429 839 508 Narrant
856 447 975 506 antem
995 431 1112 509 nostri
1140 433 1291 512 ,seelera
1313 433 1511 506 necessario
1528 435 1605 510 fieri
1620 433 1815 532 disputant.
1865 439 1956 520 Cum
1973 443 2082 538 igitur
2097 447 2153 524 ia-

108 539 218 624 libri,
251 537 422 610 Miaaaim
446 538 553 610 luisse
572 538 687 611 filium
705 533 1112 612 Chamltxissinnmnr
1161 537 1308 608 tendum
1339 535 1404 622 sit,
1439 530 1645 610 hominibus
1665 544 1897 618 necesariam'
1923 571 1996 620 ease
2018 551 2152 624 doctri·-

109 663 168 712 res
189 653 351 712 vetustae
371 663 446 710 ease
468 641 562 730 apud
579 637 737 710 Graecos
759 639 892 710 bellum
911 633 1111 732 Argonnu-
1160 661 1243 708 nam
1277 640 1323 710 de
1353 639 1485 710 caussis
1517 653 1552 711 et
1577 643 1743 714 remediis
1768 645 1873 733 mali,
1911 661 1947 722 et
1977 652 2151 743 sapientia

108 740 236 825 tabunt,
262 754 300 814 at
314 741 446 814 deinde
460 734 683 824 Teutonum,
706 737 780 836 at⁸)
796 739 903 813 series
919 763 1111 826 annorum,
1158 735 1314 813 Ethnica
1336 763 1456 810 veram
1477 741 1675 814 doctrinam
1699 744 1855 836 ignoret,
1895 752 2151 844 amplectamur

106 868 200 942 quos
221 843 295 938 ipsi
318 839 449 914 Graeci
472 843 718 928 tradiderunt,
758 843 952 916 ostendunt
974 842 1111 912 bellum
1161 865 1282 910 vorem
1315 841 1474 915 divinam
1500 843 1538 912 in
1563 841 1738 928 Ecclesia,
1776 872 1856 918 cum
1885 853 2030 947 quidem
2052 852 2149 928 Dens
2194 937 2198 942 ¹

107 945 315 1020 Troianum
356 967 431 1016 non
475 945 631 1018 multum
671 946 878 1016 antecedere
920 941 1108 1016 Davidem.
1159 943 1311 1014 illustria
1329 944 1531 1016 testimonia
1546 945 1736 1022 addiderit.
1788 947 1934 1024 Fatetur
1946 953 2055 1040 ratio,
2080 956 2149 1030 he-

107 1046 306 1126 Herculem
329 1059 448 1118 autem
470 1045 544 1118 lere
564 1059 793 1128 coaetaneum
810 1046 919 1116 fuisse
933 1043 1109 1120 Samsoni.
1158 1067 1237 1134 gem
1261 1066 1436 1138 nusquam
1463 1045 1704 1138 incorruptam
1731 1051 1842 1131 tradi,
1872 1053 1940 1122 nisi
1966 1055 2004 1126 in
2021 1053 2147 1132 Eccle-

108 1145 344 1225 SicEthnies
366 1146 514 1220 nomina
539 1159 573 1220 et
597 1143 765 1221 historiae
780 1160 970 1233 testantur,
995 1147 1110 1219 libros
1158 1147 1222 1220 aia.
1274 1143 1329 1215 lbi
1344 1170 1422 1216 cum
1439 1159 1574 1218 certum
1591 1149 1638 1220 sit
1654 1173 1727 1222 esse
1742 1175 1863 1224 vocem
1877 1153 1957 1242 Dei,
1980 1159 2147 1234 audiatur

107 1249 293 1326 Ecclesiae
313 1249 535 1344 antiquiores
558 1272 652 1337 esse,
682 1251 779 1344 quod
799 1249 1006 1322 astudiosis
1020 1272 1108 1322 con-
1158 1260 1193 1319 et
1214 1241 1301 1320 haec
1322 1246 1505 1330 doctrina,
1538 1251 1583 1320 de
1607 1274 1676 1343 qus
1693 1247 1867 1326 litbnicos
1886 1256 1988 1328 fateri
2007 1281 2148 1334 necessa

110 1351 261 1426 alderari
278 1351 384 1422 valde
398 1351 488 1422 utile
501 1362 564 1422 est.
1158 1363 1228 1431 est,
1254 1349 1292 1420 in
1311 1350 1384 1420 suis
1398 1349 1632 1440 religionibus
1647 1365 1681 1424 et
1695 1353 1869 1426 doctrinis
1881 1359 2043 1430 tenebras
2060 1383 2147 1446 esse,

209 1447 435 1526 Teets‘oloco
447 1475 566 1548 genus
580 1445 771 1524 doctrinas
785 1451 980 1546 posuimus,
1006 1450 1107 1522 cuius
1158 1465 1190 1524 et
1223 1465 1342 1522 tamen
1375 1445 1502 1521 hanam
1531 1452 1778 1546 quaestionum
1807 1459 2077 1546 explicationem
2100 1467 2146 1536 ad

113 1559 208 1630 duae
222 1567 455 1648 consparsas,
484 1553 558 1626 Lex
576 1567 612 1626 et
628 1551 879 1646 Evangeliom.
930 1551 1023 1626 Cum
1042 1578 1108 1624 au·
1156 1553 1374 1644 agnitionem
1389 1551 1480 1638 Dei,
1505 1554 1549 1624 ad
1573 1577 1680 1647 qnam
1701 1549 1992 1633 bomoconditus
2015 1575 2084 1650 est,
2110 1579 2147 1638 et

119 1653 304 1748 temlaegis
326 1655 456 1728 notitia
476 1656 638 1726 omnium
654 1651 841 1730 hominum
856 1657 1035 1728 mentibus
1048 1657 1106 1724 in·
1156 1657 1201 1724 ad
1226 1677 1345 1724 veram
1367 1653 1647 1726 consolationem
1669 1657 1902 1731 necessariam
1921 1683 2010 1734 esse·
2075 1664 2146 1738 lta-

117 1761 181 1832 sita
203 1759 270 1844 sit,
305 1757 398 1830 ratio
419 1757 460 1826 in
480 1759 647 1828 omnibus
670 1754 994 1833 bominibuslateri
1009 1757 1107 1846 cogi·
1156 1781 1225 1850 qne
1255 1755 1362 1856 bonis
1382 1757 1563 1830 mentibus
1582 1757 1765 1830 doctrinae
1788 1781 1899 1852 genus
1922 1763 1962 1834 in
1985 1759 2144 1840 Ecclesia

111 1877 185 1948 tur,
210 1859 437 1952 impossibile
453 1881 543 1944 esse,
568 1860 678 1930 ullam
693 1875 834 1951 gentem
851 1861 1022 1952 populum
1038 1857 1103 1930 Dei
1155 1857 1401 1940 dulcissimum
1424 1871 1495 1942 est,
1520 1881 1601 1930 eum
1623 1858 1740 1930 tontes
1754 1859 1951 1954 incorrupti
1968 1860 2143 1940 hauriun-

108 1985 203 2045 ease,
238 1983 332 2057 quae
359 1960 472 2032 sancit
501 1961 594 2052 leges
623 1960 820 2034 contrarias
842 1962 986 2032 divinae
1005 1958 1105 2050 Legi.
1155 1972 1226 2036 tur.
1274 1956 1357 2032 Non
1379 1959 1475 2030 enim
1497 1959 1647 2031 nomino
1664 1955 1872 2033 Ecclesiam
1887 1961 2070 2040 Romanos
2085 1985 2143 2066 ty·

106 2065 205 2140 Sunt
225 2077 347 2136 autem
369 2057 408 2134 hi
423 2085 628 2136 communes
643 2065 782 2136 furores
796 2064 956 2134 omnium
971 2057 1105 2132 Ethni-
1155 2083 1287 2132 rannus
1310 2073 1345 2131 et
1366 2056 1586 2148 Marathos,
1624 2085 1749 2134 eornm
1772 2065 1955 2152 satellites,
1991 2070 2053 2164 qui
2075 2095 2141 2164 pro

104 2191 256 2250 eornm,
281 2165 447 2236 invocare
467 2165 608 2236 turbam
625 2165 804 2244 Deorum,
834 2179 869 2236 et
884 2163 1105 2255 prodigiosas
1155 2162 1316 2234 doctrina
1339 2161 1402 2230 lilii
1418 2159 1485 2232 Dei
1506 2176 1711 2254 sparserunt
1728 2165 1767 2234 in
1780 2169 1957 2238 mundum
1973 2183 2063 2244 tetra
2079 2197 2142 2246 ve·

102 2268 252 2339 l’almlas
266 2269 312 2338 de
327 2263 407 2338 Diis
419 2265 561 2356 lingere,
588 2280 622 2336 et
638 2267 774 2356 legibus
791 2269 981 2336 concedere
998 2278 1104 2336 tetras
1154 2286 1267 2344 nena,
1298 2275 1333 2334 et
1355 2257 1533 2334 Ecclesiae
1554 2265 1754 2338 doctrinam
1779 2270 2079 2346 transformarunt
2101 2275 2141 2348 in

102 2369 308 2442 libidinum
332 2367 570 2442 confusiones.
622 2363 729 2454 Apud
756 2368 887 2437 nrrrltoa
904 2369 1009 2437 etiam
1030 2365 1103 2434 esi·
1144 2359 1326 2436 'Ethnicas
1347 2362 1548 2454 opiniones.
1601 2362 1770 2438 invocant
1790 2361 1953 2440 homiues
1968 2389 2141 2464 mortuos,

102 2473 169 2544 mii
197 2472 317 2541 cultus
339 2469 483 2540 suerunt
503 2472 733 2540 mactationes
747 2463 955 2550 hominum,
981 2481 1102 2557 stupra
1154 2466 1279 2538 iubent
1304 2465 1446 2536 adorari
1468 2461 1584 2536 Deum
1607 2463 1763 2554 Marem,
1805 2469 1969 2544 videlicet
1999 2497 2140 2567 panem,

102 2599 142 2647 ac
167 2569 363 2644 adulteria.
412 2568 530 2642 Fateri
554 2570 663 2660 igitur
678 2571 767 2642 ratio
785 2569 896 2661 cogit,
920 2568 1049 2660 Legem
1064 2569 1102 2636 in
1154 2591 1259 2661 quern
1289 2566 1327 2638 in
1356 2567 1497 2660 pompis
1520 2579 1681 2656 gestant,
1711 2567 1880 2640 sacrificia
1905 2574 2082 2664 provicia
2103 2591 2139 2650 et

101 2673 270 2748 Ecclesia
287 2669 562 2744 rectisrsdoceri.
603 2669 682 2744 Hoc
697 2685 904 2762 argomento
921 2684 955 2742 et
970 2685 1103 2741 veteres
1153 2669 1305 2741 mortuis
1328 2670 1507 2754 vendunt,
1540 2667 1679 2758 fingunt
1700 2669 1817 2741 cultus
1840 2667 1928 2757 Dei,
1960 2679 2138 2750 scenicum

103 2779 142 2846 in
165 2773 444 2846 restitutionibus
460 2769 699 2846 Etbnicorom
715 2775 879 2848 usisunt.
917 2771 1101 2844 Praeterea
1153 2772 1375 2854 restitutum,
1407 2781 1443 2842 et
1461 2769 1548 2840 alias
1567 2769 1788 2862 praestigias,
1808 2773 2020 2850 confirmant
2036 2801 2140 2870 vagas

103 2875 367 2968 Evangelium,
400 2873 465 2944 etsi
490 2898 564 2947 non
584 2889 635 2946 est
658 2876 789 2946 rationi
811 2889 957 2960 notum,
984 2887 1101 2946 tamen
1152 2873 1332 2946 libidines.
1383 2869 1462 2942 Hoc
1487 2871 1636 2962 impium
1658 2893 1784 2961 agmen
1806 2897 1879 2944 non
1904 2879 2050 2948 nomino
2069 2877 2139 2952 Er-

107 3003 167 3052 ras
189 3003 250 3050 res
271 2974 455 3070 patefacit,
485 2977 530 3048 de
553 2977 683 3070 quibus
706 2973 798 3046 nibil
821 2977 997 3048 affirmare
1016 2973 1103 3044 certi
1152 2974 1312 3058 clesiam,
1336 2973 1397 3044 sed
1414 2968 1498 3060 hos,
1521 2972 1586 3065 qui
1600 2987 1729 3046 sonant
1746 2973 1985 3067 incorruptam
2004 2981 2139 3054 doctri·

106 3081 296 3154 doctrinae
307 3073 482 3149 Etbnicae
497 3093 655 3170 possum,
679 3103 831 3173 quornm
845 3091 964 3150 tamen
980 3075 1103 3164 cogni-
1152 3099 1235 3146 nam
1260 3074 1325 3144 lilii
1339 3073 1424 3156 Dei,
1456 3075 1623 3146 traditam
1639 3074 1677 3144 in
1696 3069 1916 3166 Propheticis
1932 3091 1966 3148 et
1981 3075 2139 3173 Apono.

111 3185 247 3254 tionem
268 3179 501 3252 necessariam
525 3203 599 3252 esse
613 3181 795 3252 latendum
813 3193 876 3253 est.
927 3175 1020 3250 Cum
1036 3173 1103 3248 ho·
1152 3177 1230 3248 licis
1253 3176 1354 3246 libris
1378 3189 1414 3248 et
1436 3175 1474 3244 in
1498 3173 1689 3270 Symbolis.
1751 3172 1997 3269 Corrumpunt
2020 3184 2138 3256 etalii

112 3309 168 3356 rso
192 3285 244 3354 sit
263 3283 381 3368 imago
395 3278 463 3352 Dei
485 3293 521 3351 et
540 3281 585 3350 sit
606 3283 790 3366 conditus,
824 3295 864 3352 ut
883 3292 1048 3371 agnoscat
1068 3291 1103 3350 et
1152 3278 1256 3350 multi
1272 3277 1467 3369 simplicem
1482 3275 1702 3360 doctrinam,
1726 3289 1761 3348 et
1775 3277 1949 3350 delectant
1966 3287 2138 3377 quosdam

121 3385 265 3461 celebret
280 3380 418 3468 Deum,
450 3383 547 3452 unde
568 3383 639 3454 sint
660 3397 778 3454 tantae
801 3382 1042 3454 dubitationes
1063 3380 1102 3450 in
1152 3379 1360 3472 praestigiae
1383 3378 1688 3472 disputationum,
1726 3391 1768 3450 ut
1788 3379 1876 3450 olim
1901 3379 2038 3456 Stoicos
2059 3383 2139 3483 αι’)

122 3487 292 3560 mentibus
318 3478 484 3554 humanis
500 3479 547 3578 ⁸);
589 3487 685 3556 unde
710 3484 896 3556 dissidium
917 3484 1103 3554 mentiret
1152 3479 1348 3574 Epicureos
1376 3494 1411 3553 et
1442 3477 1683 3554 Academicos.
1749 3476 1841 3552 Cum
1876 3495 1993 3554 autem
2026 3507 2138 3576 genus

115 3587 246 3672 mrdia;
265 3587 477 3658 undetanta
492 3584 940 3660 aitincordecontumacia
957 3595 1102 3654 ettauta
1151 3585 1335 3656 doctrinae
1363 3582 1570 3662 laudamus,
1607 3581 1781 3651 removeri
1811 3581 1976 3654 volumus
1999 3600 2033 3658 et
2057 3612 2138 3660 ror-

112 3689 284 3764 citiorum
321 3687 506 3773 incendia,
540 3711 623 3758 cum
647 3686 722 3758 Lex
755 3687 794 3756 in
819 3701 937 3758 mente
962 3684 1103 3756 luceat?
1151 3686 1306 3776 ruptelas
1323 3697 1357 3756 et
1374 3681 1536 3752 inanium
1553 3679 1834 3772 disputationum
1848 3681 1964 3758 ludos,

108 3791 230 3864 sintne
253 3788 391 3862 conditi
414 3783 597 3874 homines,
638 3801 680 3860 ut
708 3787 781 3860 sint
811 3787 849 3859 in
878 3784 1102 3877 sempiternis
1251 3777 1398 3880 Quarto
1421 3783 1500 3854 loro
1520 3803 1748 3852 numeramus
1770 3781 1970 3856 mirandam
1991 3808 2135 3862 conser-

106 3893 209 3968 vitiis
233 3905 269 3963 et
288 3889 466 3962 miseriis?
491 3891 576 3984 quid
599 3889 645 3960 sit
666 3902 848 3984 peccatum
870 3902 905 3962 ct
921 3888 1018 3960 unde
1032 3886 1102 3960 siat
1152 3884 1333 3958 ontionem
1371 3877 1561 3954 Ecclesiae
1599 3881 1694 3955 inter
1727 3882 1851 3954 ruinas
1889 3884 2135 3980 imperiorum,

106 3997 209 4068 unde
233 3993 282 4064 ait
304 3992 429 4082 ingens
450 3992 562 4064 moles
582 3991 822 4064 calamitatum
840 3990 877 4062 in
891 4013 1019 4081 genere
1032 3984 1102 4062 hu·
1151 4013 1240 4083 qnae
1262 3987 1327 4060 etsi
1348 3987 1388 4056 in
1404 3983 1519 4078 primo
1536 3983 1758 4072 testimonio,
1782 3984 1944 4058 videlicet
1960 3988 2055 4063 inter
2067 3995 2136 4064 mi·

102 4094 246 4170 mano?
276 4095 373 4166 uncle
391 4107 465 4164 tarn
487 4095 604 4166 variae
623 4091 859 4164 dissensiones
875 4093 920 4164 de
935 4089 1031 4177 Deo;
1055 4114 1099 4162 an
1152 4091 1290 4172 rocula,
1320 4082 1575 4178 comprehendi
1600 4097 1732 4178 potest,
1758 4099 1877 4156 tamen
1895 4111 1937 4158 eo
1962 4092 2134 4166 discerni.

101 4197 209 4270 Deus
230 4209 267 4268 et
285 4195 528 4268 eurexaudiat
545 4189 726 4281 hominea3
760 4219 808 4266 an
820 4207 1101 4287 postquamcor-
1151 4209 1249 4264 tura
1273 4189 1389 4284 primo
1413 4181 1604 4280 genere⁸),
1634 4186 1718 4280 quia
1737 4201 2009 4280 estperpetuum
2026 4196 2133 4264 mira.

100 4323 194 4394 pora
214 4297 372 4368 extincta
396 4311 498 4378 sunt,
531 4309 694 4368 secutura
707 4296 752 4366 sit
767 4296 835 4366 alia
854 4296 946 4380 vita,
978 4295 1017 4362 in
1030 4317 1102 4385 qua
1149 4294 1269 4365 culum
1285 4305 1320 4362 et
1332 4286 1571 4362 testimonium
1586 4287 1753 4358 adsiduae
1767 4289 1984 4378 praesentiae
1999 4289 2076 4376 Dei,
2098 4311 2132 4368 et

99 4403 275 4474 loturum
290 4398 337 4468 sit
350 4397 540 4468 discrimen
555 4397 649 4470 inter
663 4398 774 4468 iustos
788 4410 824 4468 et
839 4395 1013 4468 iniustos?
1037 4394 1100 4488 qui
1149 4399 1192 4465 ad
1210 4393 1425 4483 singularem
1438 4389 1596 4478 regulam
1613 4388 1783 4480 pertinet:
1810 4387 1969 4460 Verbum
1985 4389 2133 4468 Domini

100 4499 281 4575 homines
300 4499 371 4570 aiot
394 4498 565 4590 templum
589 4495 679 4584 Dei,
712 4511 747 4570 et
770 4521 859 4592 quos
879 4496 1042 4568 exaudiat
1066 4509 1101 4566 et
1150 4507 1268 4566 manet
1282 4494 1320 4564 in
1335 4506 1534 4578 aeternum
1557 4489 1749 4583 etquidem
1763 4511 1836 4559 non
1851 4485 2015 4560 humanis
2029 4517 2133 4585 prae.

101 4602 233 4678 iuvet?
284 4597 340 4672 De
355 4594 412 4669 his
426 4599 534 4672 tantis
550 4601 655 4670 rebus
670 4613 822 4694 quantae
834 4612 921 4670 suut
935 4599 1100 4670 tenebrae
1148 4597 1269 4682 sidiis,
1298 4607 1339 4666 ut
1362 4593 1531 4684 scriptum
1551 4603 1621 4661 est:
1654 4587 1736 4660 Non
1751 4588 1788 4658 in
1806 4591 1980 4676 exercitu,
2009 4619 2074 4668 nec
2091 4601 2130 4672 tn

102 4707 143 4776 in
169 4701 343 4776 universa
368 4695 607 4774 Ethnicorum
637 4702 829 4796 sapientia,
868 4723 975 4793 quam
1009 4697 1099 4768 varii
1148 4700 1297 4778 robore,
1327 4697 1388 4766 sed
1411 4693 1450 4762 in
1464 4690 1602 4784 Spiritu
1615 4713 1713 4776 meo,
1737 4688 1823 4762 dicit
1839 4687 2017 4766 Dominus
2029 4721 2130 4774 erer-

99 4799 417 4894 Philosophorum
432 4801 595 4874 furores?
613 4803 678 4894 qui
692 4802 783 4874 sicut
798 4799 947 4874 Titanes
964 4798 1097 4870 bellum
1148 4801 1297 4872 rituum.
1599 4816 1605 4824 ·
1830 4805 1837 4820 ⁸

100 4909 272 4994 inierunt
294 4901 411 4990 coelo,
443 4902 582 4994 lingunt
604 4916 665 4977 aut
690 4897 783 4977 nibil
806 4924 880 4974 esse
903 4900 1098 4994 providen-
1243 4891 1391 4994 ‚Quinto
1412 4895 1491 4966 loco
1509 4887 1759 4964 Conlessorum
1782 4896 1978 4968 constantia
2002 4923 2128 4974 naama.

99 5009 213 5094 tiana,
231 5018 294 5078 aut
304 5002 422 5078 Deum
436 5003 567 5080 nussia
579 5003 743 5083 secundis
754 5003 913 5095 alligant,
932 4999 1097 5081 stomuia
1147 5015 1264 5098 ratur,
1294 5021 1385 5091 quase
1411 4994 1601 5088 dupliciter
1627 4991 1813 5065 confirmat
1833 4995 1940 5084 alios;
1972 5000 2127 5090 primum

1147 5101 1229 5196 qnia
1248 5099 1458 5170 miraculum
1469 5108 1541 5180 est,
1566 5117 1638 5187 quo
1653 5090 1751 5166 Deus
1763 5097 1939 5180 ostendit,
1963 5121 2001 5174 aa
2015 5105 2127 5176 robus

136 5269 172 5422 {a}
191 5257 475 5420 [lawa-M·
508 5341 563 5400 set
582 5341 659 5402 hunt
676 5363 720 5404 ss.
1179 5347 1210 5411 7)
1228 5347 1272 5408 st]
1289 5357 1346 5394 aon
1364 5333 1463 5408 legiter
1482 5329 1512 5390 ist
1529 5327 1611 5388 Μ.

135 5441 169 5510 6)
189 5439 339 5501 hm]
357 5449 413 5486 aaa
429 5431 510 5486 babet
526 5428 612 5486 hora
1178 5431 1208 5496 8)
1224 5429 1341 5496 ganas]
1359 5415 1454 5478 usiallt
1470 5417 1543 5491 apud
1558 5413 1646 5472 basa

103 5533 293 5600 hlasana.
312 5525 419 5594 Orsa.
445 5523 527 5590 Vos,
543 5517 606 5590 lX.
1548 5507 1574 5580 d
