4718 6176
191 259 242 342 ss
748 245 1187 334 eatsronanuu
1236 247 1344 368 nan.
1374 249 1479 335 ran
1534 251 1668 333 tear.
2176 245 2230 324 ss

192 438 324 511 addere
347 431 501 506 infirmis
527 443 650 506 eontra
676 421 830 505 terrama
854 441 890 502 et
915 429 1107 526 supplicia,
1147 441 1182 499 et
1233 419 1474 523 praedicarih
1496 427 1753 521 poenitentiam
1774 409 2078 524 et'remissionem
2099 441 2226 514 pecca-

194 538 428 634 praesentiam
457 559 561 606 suasu
591 531 838 627 multiplieiter
866 534 1037 619 declarat;
1077 529 1183 604 sicuti
1234 542 1354 600 torum
1377 528 1417 598 in
1439 530 1587 600 nomine
1609 553 1687 605 sao.
1738 527 1796 600 Ad
1817 524 1915 598 hene
1930 549 2035 596 nsnm
2051 525 2230 594 celeratur

194 641 300 712 molti
329 639 370 708 ia
400 638 487 730 ipsis
510 637 693 730 suppliciis
715 636 915 706 excitarunt
936 647 1116 712 mortuos,
1149 645 1184 704 et
1234 631 1418 716 doctrina,
1456 645 1496 703 ut
1524 646 1681 702 cracem
1702 630 1743 702 in
1762 631 1870 701 nobis
1892 629 2104 718 cogitatione
2124 624 2229 694 verbi

196 744 284 814 alias
304 763 360 811 res
375 741 487 812 miras
508 739 716 810 effecerunt:
745 737 888 809 Deinde
907 737 991 830 quia
1011 736 1183 808 celsitudo
1235 730 1305 804 Dei
1317 731 1553 818 Pueraitentia
1576 729 1696 819 Fides,
1724 731 1917 812 invocatio,
1939 729 2040 800 Nova
2053 727 2233 798 obedien-

198 845 398 916 snimosum
418 842 457 912 in
476 835 553 927 his,
582 841 644 934 qui
660 839 832 931 supplicia
847 839 984 931 placide
1000 837 1186 921 sustinent,
1237 835 1296 916 tia,
1322 847 1359 904 et
1371 835 1570 908 celebretur
1582 833 1680 906 Deus
1692 835 1785 906 veris
1799 834 1942 918 ciliciis,¹
1960 823 2064 901 inata'
2074 829 2231 903 dictum:

198 945 354 1016 ostendit
367 940 604 1032 Evangelium
616 941 736 1012 efficax
751 963 825 1010 esse
838 941 877 1010 in
894 940 992 1033 ipsis,
1013 952 1050 1009 et
1066 961 1185 1008 semen
1239 935 1356 1007 Milite
1383 938 1512 1006 bonam
1534 937 1717 1018 militiam,
1745 931 1902 1007 retinens
1921 935 2026 1004 fidem
2043 945 2080 1002 et
2094 932 2229 1000 boum

200 1069 274 1118 esse
297 1045 384 1130 Dei,
416 1059 458 1116 nt
483 1043 634 1114 loannes
656 1041 836 1128 nominat,
876 1065 947 1138 quo
971 1035 1187 1112 inchoantur
1238 1038 1502 1110 conscientiam.
1552 1036 1634 1108 Non
1656 1029 2233 1109 struanturinsidiaehominibus

201 1147 446 1230 aeternamm,
471 1145 606 1216 iustitia
622 1139 813 1214 etlaetitia.
1221 1140 1411 1211 iactandis
1438 1139 1647 1223 adflatibus,
1688 1153 1730 1212 nt
1747 1160 1853 1231 saepe
1873 1138 2029 1208 vidimus
2052 1129 2119 1205 hae
2142 1148 2232 1212 arte,

208 1276 211 1286 ·
302 1243 458 1318 Sextum
474 1243 661 1338 Evangelii
683 1245 925 1318 testimonium
948 1245 986 1315 in
1009 1243 1096 1337 ipsis
1113 1266 1188 1312 cre-
1240 1255 1410 1336 tanquam
1433 1242 1569 1312 fascino
1590 1242 1761 1334 populum
1785 1243 1831 1312 ab
1854 1238 2107 1332 impostoribus
2122 1237 2234 1304 dece-

202 1349 369 1422 dentibus
398 1349 582 1441 perspicne
611 1347 793 1418 convincit
820 1361 956 1418 mentes
978 1359 1014 1424 et
1034 1358 1188 1438 pectora,
1238 1355 1340 1437 ptum
1359 1365 1443 1417 esse.
1495 1341 1581 1414 ldeo
1599 1343 1714 1415 Filius
1729 1343 1856 1413 missus
1871 1356 1940 1427 est,
1965 1353 2006 1412 ut
2020 1337 2233 1434 promissio-

203 1451 367 1521 videlieet
388 1450 581 1520 consolatio
604 1471 665 1518 seu
690 1449 840 1533 laetitia,
873 1473 964 1542 quae
986 1447 1190 1519 accenditur
1240 1469 1323 1516 nem
1344 1443 1645 1516 reconciliationis
1659 1467 1822 1516 amanam
1838 1455 1873 1514 et
1889 1444 2047 1532 ignotam
2062 1439 2234 1510 nantibus

204 1550 378 1644 sSpiritu
400 1563 539 1637 sancto,
566 1554 612 1622 de
628 1573 703 1644 qua
719 1548 851 1620 Paulus
876 1550 1008 1644 inquit:
1041 1547 1191 1639 Accepi·
1241 1548 1411 1618 creaturis
1432 1547 1657 1638 patefaceret,
1683 1561 1717 1620 et
1740 1541 1807 1616 hac
1821 1547 1941 1616 andita
1957 1545 2045 1614 fides
2060 1542 2234 1612 meende-

204 1653 268 1724 stis
290 1653 482 1744 Spiritum,
513 1677 587 1747 quo
610 1652 821 1732 clamamus,
845 1648 949 1722 Abba
964 1649 1085 1736 Pater;
1118 1673 1189 1742 quo
1242 1660 1318 1729 tur,
1341 1661 1377 1719 et
1391 1647 1485 1719 Dens
1500 1671 1573 1718 sese
1586 1650 1691 1720 nobis
1707 1647 1960 1733 communicen
1990 1641 2236 1715 sicut-Paulus

205 1753 363 1826 uadunt
383 1755 474 1824 sein
488 1756 625 1839 magnis
640 1751 825 1824 doloribus
843 1755 949 1844 erigi,
976 1753 1038 1846 qui
1053 1765 1191 1821 susten·
1244 1750 1377 1844 inquit:
1410 1748 1516 1820 Fides
1541 1775 1583 1821 ex
1606 1752 1729 1823 andito
1750 1763 1819 1834 est,
1849 1747 2235 1838 auditnsperverbnm

204 1871 279 1926 tsnt
296 1879 333 1925 se
349 1856 561 1945 cogitatione
574 1851 761 1945 Evangelii
776 1868 810 1924 et
834 1856 1076 1940 invocatione,
1102 1855 1192 1922 sicut
1243 1849 1322 1924 Dei.
1374 1849 1496 1941 Quare
1517 1853 1730 1922 contumelia
1748 1849 1881 1921 Filium
1900 1849 1963 1921 Dei
1982 1847 2174 1928 adliciunt,
2200 1857 2236 1914 et

205 1955 339 2029 Paulus
359 1957 497 2052 inquit:
529 1953 684 2050 Spiritus
700 1958 897 2050 opitulatur
914 1955 1110 2026 lnlinnitati
1127 1974 1193 2023 nu-
1243 1954 1347 2022 fldem
1362 1966 1397 2022 et
1410 1954 1530 2024 onmia
1545 1955 1709 2026 exercitia
1723 1954 1808 2024 fidei
1824 1953 1956 2026 tollant
1972 1951 2027 2020 illi
2042 1947 2234 2045 Coryban-

206 2073 310 2134 strae.
1244 2066 1315 2138 tes,
1354 2055 1418 2150 qui
1458 2057 1641 2128 abducunt
1672 2069 1807 2126 mentes
1840 2079 1860 2126 a
1892 2054 2022 2144 scripta
2053 2051 2234 2124 doctrina.

309 2159 405 2232 Haec
424 2159 625 2233 testimonia
643 2181 745 2251 saepe
764 2159 949 2248 cogitanda
967 2171 1068 2244 sunt,
1093 2160 1193 2229 aede
1245 2153 1381 2244 Quanti
1413 2157 1551 2228 furoms
1576 2157 1687 2230 secuti
1709 2169 1842 2237 essent,
1872 2157 1902 2226 si
1926 2153 2071 2226 mmotis
2090 2151 2235 2243 scriptis

207 2269 311 2335 sexto
323 2263 435 2333 simus
450 2263 650 2353 vigilantes,
673 2280 721 2331 ne
737 2261 772 2331 id
791 2261 897 2332 nobis
912 2259 1109 2332 excutiatur
1124 2259 1194 2330 Fa·
1245 2252 1466 2349 Propheticis
1486 2272 1521 2330 et
1536 2255 1751 2351 Apostolicis
1767 2259 1913 2330 cuilibet
1928 2252 2134 2351 hypocritae
2147 2255 2236 2324 lice-

209 2365 406 2434 naticornm
424 2359 610 2432 hominnm
626 2363 842 2454 praestigiis,
865 2376 908 2433 ut
924 2358 1193 2459 Anaboplt'sloe
1244 2373 1299 2430 ret
1319 2359 1399 2431 beta
1420 2362 1562 2431 oracula
1583 2385 1624 2432 er
1645 2385 1710 2432 suo
1727 2355 1980 2432 Enthusiasmo
2002 2370 2169 2453 tanquam
2191 2355 2231 2423 in

209 2479 244 2536 et
255 2459 555 2562 Stsnckseldiam'
564 2465 670 2536 lalsus
685 2465 836 2534 adflatus
852 2465 1003 2550 iactant,
1029 2465 1109 2557 qui,
1134 2487 1194 2533 re-
1245 2483 1307 2530 sua
1331 2461 1472 2552 tripode
1491 2463 1675 2556 proferre?
1724 2461 1777 2533 Ac
1791 2455 1833 2556 ¹⁰)
1847 2461 1923 2532 eius
1938 2460 1990 2535 rei
2004 2460 2155 2550 exemplo
2172 2456 2228 2523 vi-

209 2580 304 2637 moto
328 2564 434 2636 verbo
447 2562 544 2650 Dei,
573 2567 714 2654 lingunt
736 2565 775 2632 in
799 2566 873 2637 otio
897 2587 935 2634 se
960 2561 1088 2635 habere
1111 2587 1193 2634 suos
1246 2563 1363 2631 dimus
1377 2563 1415 2630 in
1429 2565 1607 2653 tragoedia
1622 2562 1898 2635 Monasteriensi
1914 2576 1948 2633 et
1961 2562 2060 2632 alibi.
2107 2557 2230 2648 Quare

208 2669 379 2760 quosdam
387 2662 670 2750 Enthusiasmos,
695 2678 736 2737 ut
750 2666 906 2759 comperi
919 2667 1043 2736 talium
1061 2667 1194 2734 multo·
1246 2685 1368 2733 omnes
1381 2664 1433 2754 pii
1449 2664 1611 2735 doctores
1624 2679 1658 2736 ct
1671 2667 1850 2737 auditores
1867 2676 2070 2736 constanter
2082 2662 2154 2732 illis
2169 2663 2234 2730 dc-

209 2789 289 2839 rum
307 2767 511 2854 mendacia,
536 2781 573 2838 et
589 2765 868 2839 Munasteriense
884 2768 1082 2860 exetnplum
1099 2768 1194 2837 mul·
1247 2765 1444 2835 liramentis
1459 2769 1639 2837 adversari
1654 2769 1796 2838 debent.

208 2883 325 2939 torum
349 2871 504 2939 ostendit
524 2884 558 2940 et
572 2869 762 2940 vanitatem
778 2883 812 2940 ct
828 2870 1011 2943 malitiam.
1062 2867 1195 2941 Scribit
1350 2864 1470 2938 Tuum
1495 2869 1619 2958 igitur,
1650 2863 1771 2949 Pelre,
1804 2867 1993 2940 consilinm
2016 2878 2051 2935 et
2072 2863 2232 2934 studium

208 2965 494 3068 Stcnclcseldt'us,
517 2969 634 3040 Deum
644 2995 721 3042 sese
732 2972 992 3042 communicare
1008 2965 1194 3040 hominum
1246 2967 1372 3052 laudo,
1403 2971 1496 3062 quod
1522 2984 1554 3040 et
1578 2967 1787 3043 adhortator
1801 2993 1838 3040 es
1849 2974 1892 3040 ad
1912 2968 2097 3039 lectionem
2113 2964 2236 3034 omni-

209 3073 387 3145 mentibus
403 3073 480 3142 sine
495 3072 632 3158 medio,
654 3098 694 3144 ac
705 3073 792 3143 inde
807 3073 1037 3144 ratiocinatur
1050 3071 1195 3142 accendi
1247 3071 1314 3138 bus
1335 3070 1419 3162 piis,
1446 3071 1536 3142 sicut
1552 3071 1683 3144 Paulus
1704 3073 1837 3168 inquit:
1873 3071 1931 3143 Sis
1946 3069 2108 3140 assiduus
2123 3065 2163 3134 in
2182 3065 2235 3134 le-

209 3169 352 3244 tlivinos
372 3185 489 3244 molus
510 3197 584 3244 non
608 3175 820 3264 cogitatione
839 3174 988 3266 scriptae
1004 3174 1195 3258 doctrinae,
1247 3171 1379 3254 ctione,
1413 3187 1613 3244 monstrans
1639 3175 1734 3244 viam
1756 3177 1800 3244 ad
1825 3173 1982 3266 singulos
1998 3171 2112 3241 libros
2126 3191 2234 3236 mon-

210 3297 285 3344 non
308 3275 506 3346 ministerio
520 3271 725 3367 Evangelii,
758 3278 818 3348 sed
838 3275 1064 3346 simulatione
1082 3275 1194 3345 torvi-
1245 3273 1365 3343 stratis
1394 3276 1620 3365 argumentis.
1678 3275 1822 3348 Utinam
1844 3275 1954 3364 magis
1973 3274 2017 3342 acl
2043 3269 2233 3344 lectionem

210 3376 290 3448 utta
312 3391 346 3447 et
367 3391 527 3466 gestuum
549 3379 757 3467 tragoediis,
790 3380 819 3448 si
840 3377 1013 3448 misceant
1037 3377 1193 3447 sennoni
1246 3387 1281 3446 et
1303 3375 1397 3468 piam
1421 3378 1657 3466 precationem
1678 3377 1884 3448 adsuelieret
1910 3378 2092 3454 iuventus,
2124 3393 2232 3464 quam

209 3479 286 3548 aaa
301 3479 449 3571 suspiria
463 3490 497 3549 et
512 3479 682 3550 crocodili
695 3481 857 3549 lacrimas
870 3491 905 3549 el
919 3479 1006 3550 alias
1018 3479 1194 3571 impostu-
1245 3479 1290 3548 ad
1304 3477 1545 3548 cavillationes
1560 3479 1860 3572 disputationum!
1893 3476 2000 3549 Certe
2012 3475 2108 3546 enim
2124 3474 2234 3543 rebus

210 3601 266 3650 ras
280 3593 353 3650 arte
367 3579 559 3655 accersitas.
613 3579 655 3651 ln
671 3581 801 3676 quibus
819 3579 971 3650 maxime
985 3591 1116 3670 augent
1130 3603 1193 3650 au·
1244 3593 1338 3651 recte
1358 3579 1555 3672 explicatis,
1586 3595 1621 3651 et
1640 3603 1714 3650 non
1738 3582 1824 3652 salsa
1840 3577 1880 3675 ¹¹)
1905 3575 2096 3650 constituto
2116 3576 2233 3644 forma

210 3682 406 3752 cleritatem
432 3682 638 3754 obtrectatio
662 3695 696 3754 et
717 3685 912 3775 paradoxa,
942 3693 983 3753 ut
1000 3677 1192 3752 Sebosts‘a-
1244 3681 1445 3769 doctrinae,
1485 3695 1624 3774 oportet
1656 3683 1937 3775 disputationum
1973 3703 2046 3750 esse
2070 3678 2232 3746 modum.

97 3825 104 3840 ·
211 3803 281 3850 nus
295 3777 469 3852 Francus
486 3785 695 3856 docentibus
712 3782 963 3864 maledicebat,
989 3797 1024 3854 et
1042 3785 1192 3876 college-
1243 3782 1291 3856 Et
1311 3784 1533 3855 verissimum
1555 3798 1607 3855 est
1631 3784 1766 3856 dictum
1786 3778 1831 3858 τὸ
1852 3779 1938 3856 λίαν
1954 3774 2104 3879 ἀκριβὲς
2117 3801 2232 3852 συκο-

114 3963 121 3971 ,
210 3897 265 3954 rat
287 3905 454 3973 magnum
475 3886 642 3956 volumen
656 3887 832 3958 dictorum
847 3880 1141 3976 Propheticorum
1157 3899 1192 3955 et
1243 3877 1390 3980 φάντας
1402 3887 1509 3959 ποιεῖ.

210 3983 518 4076 Apostolicorum,
549 4011 639 4078 quae
661 3987 700 4056 in
722 3985 873 4078 speciem
898 4011 972 4056 non
997 4007 1191 4077 congruere
1346 3987 1510 4080 Cumque
1542 3985 1713 4080 sapientia
1742 3986 1856 4058 incliti
1885 3984 1994 4078 Regis
2023 4002 2058 4059 et
2087 3987 2232 4078 pinnam

209 4089 423 4156 viderentur.
492 4085 579 4156 Inde
601 4083 668 4157 hoe
691 4089 892 4172 extruebat,
928 4111 1003 4157 non
1027 4112 1069 4157 ex
1088 4087 1191 4157 litera
1243 4089 1429 4157 doctorum
1451 4087 1491 4156 iu
1514 4109 1624 4178 regno
1647 4099 1763 4159 vestro
1783 4089 1968 4178 diligentia
1993 4089 2043 4160 sic
2061 4099 2231 4177 regantur

208 4190 439 4258 iudicandum
461 4209 551 4271 esse,
583 4189 643 4258 sed
660 4188 833 4259 iudicium
847 4209 920 4258 esse
935 4184 1191 4262 Enthusiasmi.
1243 4188 1358 4260 studia
1382 4189 1611 4273 discentium,
1635 4203 1764 4260 utnon
1783 4193 1996 4261 concedatur
2012 4190 2153 4260 lieentia
2167 4211 2233 4258 ea-

207 4287 256 4362 Et
270 4301 344 4360 arte
357 4290 396 4358 in
411 4289 597 4380 paradoxis
610 4304 777 4379 spargunt
793 4291 1055 4360 accommodata
1067 4291 1111 4361 ad
1127 4291 1192 4360 ad·
1244 4290 1411 4374 villandi,
1450 4291 1586 4361 utiliter
1623 4293 1825 4362 consulitur
1854 4290 2093 4362 Ecclesiamm
2126 4303 2231 4360 tran-

207 4391 319 4463 fectus
333 4391 430 4481 vulgi
445 4403 480 4462 et
491 4391 536 4460 ad
553 4389 859 4481 amplificationem
873 4390 1047 4466 licentiae.
1098 4389 1192 4463 Sunt
1243 4392 1429 4486 quillitati,
1469 4405 1505 4464 et
1534 4391 1676 4482 ingenia
1709 4393 1755 4462 ad
1782 4393 1990 4464 modestiam
2016 4392 2230 4466 adsueliunt.

208 4507 242 4563 et
264 4495 324 4585 quai
348 4495 458 4564 libros
476 4491 673 4588 Sibyllinos
697 4491 969 4578 circumferunt,
999 4492 1191 4586 exquibus
1243 4487 1391 4577 Omnia,
1416 4493 1577 4585 quamvis
1596 4505 1689 4564 reete
1704 4495 1832 4565 tradita
1849 4493 2051 4566 labefactari
2067 4507 2230 4584 possunt,

209 4609 354 4664 sumtmt
375 4595 516 4663 oracula
540 4595 802 4665 accommodata
818 4595 863 4664 ad
880 4615 1003 4664 eorum
1020 4594 1191 4678 adlectus,
1241 4597 1271 4666 si
1286 4595 1527 4665 cavillationes
1543 4595 1743 4681 audiantur,
1765 4596 1886 4691 quales
1901 4596 1988 4666 olim
2006 4591 2230 4689 Pyrrhonis-

208 4694 338 4789 quibus
353 4697 595 4766 adsentantur.
626 4691 704 4765 Hoc
718 4715 829 4784 genus
844 4693 1088 4789 Corybantum
1104 4718 1191 4765 con·
1241 4719 1320 4766 rum
1343 4709 1376 4766 et
1394 4691 1686 4774 Academicorum
1707 4698 1863 4769 suerunt.
1917 4695 2000 4768 ideo
2021 4698 2228 4786 gravissime

208 4797 435 4866 siderandum
456 4809 524 4880 est,
549 4811 583 4866 et
605 4797 802 4868 firmissime
817 4796 1002 4866 retinenda
1020 4809 1070 4865 est
1086 4816 1190 4886 regu-
1240 4795 1374 4868 Paulm
1392 4797 1437 4867 ad
1459 4792 1705 4890 Philippenses
1725 4798 1824 4870 iubet
1846 4799 2029 4869 doctrinae
2042 4793 2228 4869 Canonem

206 4899 257 4967 la:
283 4895 441 4967 Lucerna
461 4899 608 4985 pedibus
622 4897 710 4968 meis
724 4899 871 4968 verbum
887 4909 1005 4967 tuum:
1030 4897 1115 4966 item
1130 4894 1188 4966 Ad
1240 4899 1397 4968 retineri.
1449 4892 1528 4966 Oro
1552 4895 1669 4968 autera
1683 4895 1817 4970 Filium
1833 4896 1921 4982 Dei,
1948 4898 2143 4970 Dominum
2156 4920 2229 4968 no-

208 5000 318 5085 legem
349 5011 383 5068 et
411 5001 454 5066 ad
478 4997 736 5070 testimonium:
772 4999 858 5071 item
881 4993 1117 5088 Evangelium
1136 5009 1189 5069 est
1239 5013 1352 5070 strum
1373 4996 1488 5068 lesum
1509 4993 1711 5086 Christum,
1742 5013 1838 5072 utet
1856 5013 1972 5072 servet
1995 5015 2028 5073 et
2052 5003 2229 5092 gubernet

206 5100 363 5192 potentia
379 5097 445 5168 Dei
463 5101 506 5166 ad
522 5099 668 5168 salutem
683 5102 781 5170 omni
797 5099 969 5174 credenti.
1017 5097 1091 5170 Nec
1106 5113 1190 5172 sunl

205 5202 372 5270 audiendi
406 5201 632 5292 impostores,
672 5202 734 5294 qui
767 5201 1007 5273 vociferantur
1037 5200 1187 5271 adllatns
1271 5259 1289 5313 9
1320 5257 1397 5311 tuns
1445 5256 1589 5309 raedam

204 5303 348 5372 aliunde
370 5303 539 5391 petendos
552 5323 625 5371 esse
641 5301 717 5370 sine
732 5303 942 5394 cogitatione
956 5301 1106 5393 scriptae
1120 5303 1183 5370 do·
1276 5279 1318 5406 ὦ)
1338 5276 1497 5411 Acslhnc.
1516 5290 1736 5407 Exposuisse
1754 5351 1804 5408 μ,
1822 5332 1870 5392 g,

202 5404 346 5479 ctrinae.
397 5401 567 5474 'fruenda
594 5416 645 5474 est
669 5403 789 5494 regula
808 5403 874 5475 lilii
892 5403 982 5492 Dei,
1007 5403 1071 5500 qui
1088 5402 1187 5474 iubet
1274 5429 1316 5498 tt)
1336 5427 1411 5481 Dect
1427 5426 1517 5497 satae.
1819 5442 1823 5451 ·

1278 5755 1296 5794 il
