<?xml version="1.0" encoding="UTF-8"?>
<!DOCTYPE html PUBLIC "-//W3C//DTD XHTML 1.0 Transitional//EN"
    "http://www.w3.org/TR/xhtml1/DTD/xhtml1-transitional.dtd">
<html xmlns="http://www.w3.org/1999/xhtml" xml:lang="en" lang="en">
 <head>
  <title>
</title>
<meta http-equiv="Content-Type" content="text/html;charset=utf-8" />
  <meta name='ocr-system' content='tesseract 3.04.00' />
  <meta name='ocr-capabilities' content='ocr_page ocr_carea ocr_par ocr_line ocrx_word'/>
</head>
<body>
  <div class='ocr_page' id='page_1' title='image "./philippimelanth06bindgoog_0162.png"; bbox 0 0 4722 6198; ppageno 0'>
   <div class='ocr_carea' id='block_1_1' title="bbox 249 233 2263 368">
    <p class='ocr_par' dir='ltr' id='par_1_1' title="bbox 249 233 2263 368">
     <span class='ocr_line' id='line_1_1' title="bbox 249 233 2263 368; baseline 0.018 -37"><span class='ocrx_word' id='word_1_1' title='bbox 249 271 326 354; x_wconf 65' lang='grc' dir='ltr'>,ω</span> <span class='ocrx_word' id='word_1_2' title='bbox 833 252 1268 340; x_wconf 78' lang='lat' dir='ltr'>emorouanun</span> <span class='ocrx_word' id='word_1_3' title='bbox 1317 265 1424 346; x_wconf 78' lang='lat' dir='ltr'>nso.</span> <span class='ocrx_word' id='word_1_4' title='bbox 1456 266 1561 354; x_wconf 83' lang='lat' dir='ltr'>un.</span> <span class='ocrx_word' id='word_1_5' title='bbox 1615 264 1739 356; x_wconf 72' lang='lat' dir='ltr'>sset.</span> <span class='ocrx_word' id='word_1_6' title='bbox 2113 233 2117 242; x_wconf 66' lang='grc'>’</span> <span class='ocrx_word' id='word_1_7' title='bbox 2206 291 2263 368; x_wconf 86' lang='lat' dir='ltr'>so</span> 
     </span>
    </p>
   </div>
   <div class='ocr_carea' id='block_1_2' title="bbox 263 429 2265 662">
    <p class='ocr_par' dir='ltr' id='par_1_2' title="bbox 263 429 2265 662">
     <span class='ocr_line' id='line_1_2' title="bbox 263 429 2264 564; baseline -0.006 -43"><span class='ocrx_word' id='word_1_8' title='bbox 263 461 299 521; x_wconf 89' lang='lat' dir='ltr'>ct</span> <span class='ocrx_word' id='word_1_9' title='bbox 331 469 372 517; x_wconf 82' lang='lat' dir='ltr'>cx</span> <span class='ocrx_word' id='word_1_10' title='bbox 403 440 615 516; x_wconf 84' lang='lat' dir='ltr'>adversariis</span> <span class='ocrx_word' id='word_1_11' title='bbox 646 432 835 508; x_wconf 78' lang='lat' dir='ltr'>desiderati</span> <span class='ocrx_word' id='word_1_12' title='bbox 869 445 953 506; x_wconf 89' lang='lat' dir='ltr'>snut</span> <span class='ocrx_word' id='word_1_13' title='bbox 982 429 1154 506; x_wconf 84' lang='lat' dir='ltr'>hactenus</span> <span class='ocrx_word' id='word_1_14' title='bbox 1178 449 1254 506; x_wconf 83' lang='lat' dir='ltr'>non</span> <span class='ocrx_word' id='word_1_15' title='bbox 1409 439 1511 564; x_wconf 67' lang='lat' dir='ltr'>ppos·</span> <span class='ocrx_word' id='word_1_16' title='bbox 1528 437 1558 500; x_wconf 81' lang='lat' dir='ltr'>ta</span> <span class='ocrx_word' id='word_1_17' title='bbox 1576 441 1641 502; x_wconf 80' lang='lat' dir='ltr'>eod.</span> <span class='ocrx_word' id='word_1_18' title='bbox 1658 441 1743 504; x_wconf 78' lang='lat' dir='ltr'>Gon.</span> <span class='ocrx_word' id='word_1_19' title='bbox 1759 444 1802 502; x_wconf 80' lang='lat' dir='ltr'>rs.</span> <span class='ocrx_word' id='word_1_20' title='bbox 1825 445 1931 520; x_wconf 65' lang='lat' dir='ltr'>mea</span> <span class='ocrx_word' id='word_1_21' title='bbox 1954 457 1981 506; x_wconf 78' lang='lat' dir='ltr'>es</span> <span class='ocrx_word' id='word_1_22' title='bbox 2000 449 2028 534; x_wconf 65' lang='lat' dir='ltr'>tp</span> <span class='ocrx_word' id='word_1_23' title='bbox 2048 449 2109 508; x_wconf 80' lang='lat' dir='ltr'>eos.</span> <span class='ocrx_word' id='word_1_24' title='bbox 2123 447 2227 528; x_wconf 69' lang='lat' dir='ltr'>Gaetu.</span> <span class='ocrx_word' id='word_1_25' title='bbox 2243 462 2264 516; x_wconf 77' lang='lat' dir='ltr'>v.</span> 
     </span>
     <span class='ocr_line' id='line_1_3' title="bbox 264 507 2265 662; baseline -0.009 -40"><span class='ocrx_word' id='word_1_26' title='bbox 264 549 380 644; x_wconf 86' lang='lat' dir='ltr'>pauci.</span> <span class='ocrx_word' id='word_1_27' title='bbox 430 541 627 640; x_wconf 73' lang='lat' dir='ltr'><strong>Episcopus</strong></span> <span class='ocrx_word' id='word_1_28' title='bbox 649 534 857 634; x_wconf 79' lang='lat' dir='ltr'><em>Spirensis,</em></span> <span class='ocrx_word' id='word_1_29' title='bbox 891 535 954 632; x_wconf 89' lang='lat' dir='ltr'>qui</span> <span class='ocrx_word' id='word_1_30' title='bbox 980 540 1122 608; x_wconf 82' lang='lat' dir='ltr'>iuturus</span> <span class='ocrx_word' id='word_1_31' title='bbox 1140 537 1258 610; x_wconf 74' lang='lat' dir='ltr'>lucrm</span> <span class='ocrx_word' id='word_1_32' title='bbox 1409 507 1727 640; x_wconf 43' lang='grc' dir='ltr'>ἱξέἷζῚΜξῆξὲΨωζ</span> <span class='ocrx_word' id='word_1_33' title='bbox 1747 529 2265 662; x_wconf 46' lang='grc' dir='ltr'>ἓξ,ᾏ“ζ”ᾓίξὲξῖ·ῗῶ·ζᾙὲ</span> 
     </span>
    </p>
   </div>
   <div class='ocr_carea' id='block_1_3' title="bbox 268 635 2264 742">
    <p class='ocr_par' dir='ltr' id='par_1_3' title="bbox 268 635 2264 742">
     <span class='ocr_line' id='line_1_4' title="bbox 268 635 2264 742; baseline -0.007 -19"><span class='ocrx_word' id='word_1_34' title='bbox 268 651 413 726; x_wconf 89' lang='lat' dir='ltr'>Praescs</span> <span class='ocrx_word' id='word_1_35' title='bbox 427 643 608 742; x_wconf 83' lang='lat' dir='ltr'><strong>Colloquii</strong></span> <span class='ocrx_word' id='word_1_36' title='bbox 631 641 776 712; x_wconf 88' lang='lat' dir='ltr'>nomine</span> <span class='ocrx_word' id='word_1_37' title='bbox 792 655 827 711; x_wconf 90' lang='lat' dir='ltr'>et</span> <span class='ocrx_word' id='word_1_38' title='bbox 842 639 920 710; x_wconf 90' lang='lat' dir='ltr'>loco</span> <span class='ocrx_word' id='word_1_39' title='bbox 938 635 1068 730; x_wconf 83' lang='lat' dir='ltr'>Regiae</span> <span class='ocrx_word' id='word_1_40' title='bbox 1085 637 1257 712; x_wconf 84' lang='lat' dir='ltr'>Maiesta-</span> <span class='ocrx_word' id='word_1_41' title='bbox 1410 646 1492 710; x_wconf 66' lang='lat' dir='ltr'>dtu.</span> <span class='ocrx_word' id='word_1_42' title='bbox 1509 652 1859 725; x_wconf 62' lang='lat' dir='ltr'>ezaosqnpaodmtpo</span> <span class='ocrx_word' id='word_1_43' title='bbox 1870 673 1930 712; x_wconf 71' lang='lat' dir='ltr'>cm</span> <span class='ocrx_word' id='word_1_44' title='bbox 1942 657 2184 728; x_wconf 64' lang='lat' dir='ltr'>margarinum..</span> <span class='ocrx_word' id='word_1_45' title='bbox 2196 661 2264 717; x_wconf 68' lang='lat' dir='ltr'>nn.</span> 
     </span>
    </p>
   </div>
   <div class='ocr_carea' id='block_1_4' title="bbox 269 719 2267 871">
    <p class='ocr_par' dir='ltr' id='par_1_4' title="bbox 269 719 2267 871">
     <span class='ocr_line' id='line_1_5' title="bbox 269 719 2267 871; baseline -0.015 -44"><span class='ocrx_word' id='word_1_46' title='bbox 269 753 336 836; x_wconf 88' lang='lat' dir='ltr'>tis,</span> <span class='ocrx_word' id='word_1_47' title='bbox 363 743 609 842; x_wconf 65' lang='lat' dir='ltr'>monteroso)</span> <span class='ocrx_word' id='word_1_48' title='bbox 633 735 758 837; x_wconf 74' lang='lat' dir='ltr'>est&#39;),</span> <span class='ocrx_word' id='word_1_49' title='bbox 792 756 826 813; x_wconf 90' lang='lat' dir='ltr'>et</span> <span class='ocrx_word' id='word_1_50' title='bbox 848 742 886 812; x_wconf 90' lang='lat' dir='ltr'>in</span> <span class='ocrx_word' id='word_1_51' title='bbox 910 739 1021 834; x_wconf 89' lang='lat' dir='ltr'>ipsius</span> <span class='ocrx_word' id='word_1_52' title='bbox 1037 745 1154 812; x_wconf 87' lang='lat' dir='ltr'>locum</span> <span class='ocrx_word' id='word_1_53' title='bbox 1172 743 1258 814; x_wconf 90' lang='lat' dir='ltr'>sub-</span> <span class='ocrx_word' id='word_1_54' title='bbox 1411 719 1611 860; x_wconf 31' lang='lat' dir='ltr'>fam-&#39;32²¹&#39;</span> <span class='ocrx_word' id='word_1_55' title='bbox 1624 721 2267 871; x_wconf 49' lang='lat' dir='ltr'>{leffqfflfffifflffffbtitglhfflgfflrtpg</span> 
     </span>
    </p>
   </div>
   <div class='ocr_carea' id='block_1_5' title="bbox 272 841 2266 1052">
    <p class='ocr_par' dir='ltr' id='par_1_5' title="bbox 272 841 2266 1052">
     <span class='ocr_line' id='line_1_6' title="bbox 272 841 2266 988; baseline -0.002 -61"><span class='ocrx_word' id='word_1_56' title='bbox 272 857 414 926; x_wconf 89' lang='lat' dir='ltr'>stitutus</span> <span class='ocrx_word' id='word_1_57' title='bbox 427 844 555 922; x_wconf 82' lang='lat' dir='ltr'>Iulius</span> <span class='ocrx_word' id='word_1_58' title='bbox 570 842 711 950; x_wconf 64' lang='lat' dir='ltr'>fflucg.</span> <span class='ocrx_word' id='word_1_59' title='bbox 751 841 909 918; x_wconf 85' lang='lat' dir='ltr'>lubilant</span> <span class='ocrx_word' id='word_1_60' title='bbox 925 841 1109 936; x_wconf 86' lang='lat' dir='ltr'>Papistae,</span> <span class='ocrx_word' id='word_1_61' title='bbox 1132 843 1259 914; x_wconf 89' lang='lat' dir='ltr'>trium·</span> <span class='ocrx_word' id='word_1_62' title='bbox 1412 854 1622 942; x_wconf 30' lang='lat' dir='ltr'>tergebansrqb</span> <span class='ocrx_word' id='word_1_63' title='bbox 1635 857 1852 988; x_wconf 56' lang='lat' dir='ltr'>tomosqapoffi</span> <span class='ocrx_word' id='word_1_64' title='bbox 1905 879 2003 934; x_wconf 74' lang='lat' dir='ltr'>mm,</span> <span class='ocrx_word' id='word_1_65' title='bbox 2019 865 2266 924; x_wconf 72' lang='lat' dir='ltr'>adecneoseotte-</span> 
     </span>
     <span class='ocr_line' id='line_1_7' title="bbox 272 881 1919 1052; baseline -0.017 -24"><span class='ocrx_word' id='word_1_66' title='bbox 272 952 433 1052; x_wconf 89' lang='lat' dir='ltr'>pbatuci,</span> <span class='ocrx_word' id='word_1_67' title='bbox 460 966 502 1024; x_wconf 90' lang='lat' dir='ltr'>ut</span> <span class='ocrx_word' id='word_1_68' title='bbox 522 965 676 1044; x_wconf 85' lang='lat' dir='ltr'>sperans.</span> <span class='ocrx_word' id='word_1_69' title='bbox 727 943 770 1018; x_wconf 90' lang='lat' dir='ltr'>ln</span> <span class='ocrx_word' id='word_1_70' title='bbox 793 961 892 1018; x_wconf 84' lang='lat' dir='ltr'>tanto</span> <span class='ocrx_word' id='word_1_71' title='bbox 910 958 1003 1018; x_wconf 86' lang='lat' dir='ltr'>certe</span> <span class='ocrx_word' id='word_1_72' title='bbox 1019 969 1167 1016; x_wconf 88' lang='lat' dir='ltr'>numero</span> <span class='ocrx_word' id='word_1_73' title='bbox 1185 959 1257 1018; x_wconf 87' lang='lat' dir='ltr'>tam</span> <span class='ocrx_word' id='word_1_74' title='bbox 1414 922 1650 984; x_wconf 65' lang='lat' dir='ltr'>⁸⁶¹¹¹¹⁰⁰¹¹⁰¹²¹¹t⁰¹</span> <span class='ocrx_word' id='word_1_75' title='bbox 1662 947 1692 984; x_wconf 76' lang='lat'>¹⁰</span> <span class='ocrx_word' id='word_1_76' title='bbox 1706 928 1817 1004; x_wconf 78' lang='lat' dir='ltr'>Epocs</span> <span class='ocrx_word' id='word_1_77' title='bbox 1849 881 1919 992; x_wconf 51' lang='lat' dir='ltr'>..lta</span> 
     </span>
    </p>
   </div>
   <div class='ocr_carea' id='block_1_6' title="bbox 273 1043 2267 1302">
    <p class='ocr_par' dir='ltr' id='par_1_6' title="bbox 273 1043 2267 1302">
     <span class='ocr_line' id='line_1_8' title="bbox 273 1043 2267 1302; baseline -0.005 -69"><span class='ocrx_word' id='word_1_78' title='bbox 273 1043 1262 1253; x_wconf 53' lang='lat' dir='ltr'>itti?“libatill⁰?.l.tll‘tll.titll.tlt</span> <span class='ocrx_word' id='word_1_79' title='bbox 1310 1091 1644 1296; x_wconf 53' lang='lat' dir='ltr'>gpmtgpffgtpp</span> <span class='ocrx_word' id='word_1_80' title='bbox 1659 1097 2267 1302; x_wconf 53' lang='lat' dir='ltr'>ppppgpppffi‘gjgffi</span> 
     </span>
    </p>
   </div>
   <div class='ocr_carea' id='block_1_7' title="bbox 272 1255 2161 1508">
    <p class='ocr_par' dir='ltr' id='par_1_7' title="bbox 272 1255 2227 1508">
     <span class='ocr_line' id='line_1_9' title="bbox 272 1255 2161 1508; baseline -0.014 -74"><span class='ocrx_word' id='word_1_81' title='bbox 272 1255 1262 1448; x_wconf 56' lang='lat' dir='ltr'>{sententiatntu:attelaus:</span> <span class='ocrx_word' id='word_1_82' title='bbox 1370 1299 1521 1395; x_wconf 72' lang='lat' dir='ltr'>oo</span> <span class='ocrx_word' id='word_1_83' title='bbox 1534 1303 1896 1508; x_wconf 79' lang='lat'><strong>3333</strong></span> <span class='ocrx_word' id='word_1_84' title='bbox 1905 1311 2161 1508; x_wconf 53' lang='lat'><strong>333.</strong></span> 
     </span>
     <span class='ocr_line' id='line_1_10' title="bbox 2017 1461 2029 1499; baseline 0 0"><span class='ocrx_word' id='word_1_85' title='bbox 2017 1461 2029 1499; x_wconf 79' lang='grc'><strong><em>1</em></strong></span> 
     </span>
    </p>
   </div>
   <div class='ocr_carea' id='block_1_8' title="bbox 271 1453 2314 4940">
    <p class='ocr_par' dir='ltr' id='par_1_8' title="bbox 271 1453 2314 4940">
     <span class='ocr_line' id='line_1_11' title="bbox 276 1453 1263 1558; baseline -0.01 -22"><span class='ocrx_word' id='word_1_86' title='bbox 276 1475 424 1558; x_wconf 87' lang='lat' dir='ltr'>propter</span> <span class='ocrx_word' id='word_1_87' title='bbox 437 1462 646 1552; x_wconf 69' lang='lat' dir='ltr'>insperatam</span> <span class='ocrx_word' id='word_1_88' title='bbox 658 1455 840 1526; x_wconf 87' lang='lat' dir='ltr'>victoriam</span> <span class='ocrx_word' id='word_1_89' title='bbox 851 1455 959 1547; x_wconf 83' lang='lat' dir='ltr'>Regis</span> <span class='ocrx_word' id='word_1_90' title='bbox 970 1453 1136 1546; x_wconf 84' lang='lat' dir='ltr'>Angliae.</span> <span class='ocrx_word' id='word_1_91' title='bbox 1159 1453 1263 1526; x_wconf 90' lang='lat' dir='ltr'>Post-</span> 
     </span>
     <span class='ocr_line' id='line_1_12' title="bbox 277 1511 2215 1693; baseline -0.01 -56"><span class='ocrx_word' id='word_1_92' title='bbox 277 1589 383 1660; x_wconf 86' lang='lat' dir='ltr'>quam</span> <span class='ocrx_word' id='word_1_93' title='bbox 404 1561 555 1636; x_wconf 88' lang='lat' dir='ltr'>Lovanii</span> <span class='ocrx_word' id='word_1_94' title='bbox 586 1559 729 1652; x_wconf 89' lang='lat' dir='ltr'>publico</span> <span class='ocrx_word' id='word_1_95' title='bbox 752 1557 866 1628; x_wconf 91' lang='lat' dir='ltr'>edicto</span> <span class='ocrx_word' id='word_1_96' title='bbox 889 1559 1096 1628; x_wconf 86' lang='lat' dir='ltr'>mandatum</span> <span class='ocrx_word' id='word_1_97' title='bbox 1119 1570 1188 1642; x_wconf 89' lang='lat' dir='ltr'>est,</span> <span class='ocrx_word' id='word_1_98' title='bbox 1222 1567 1262 1626; x_wconf 89' lang='lat' dir='ltr'>ut</span> <span class='ocrx_word' id='word_1_99' title='bbox 1936 1613 1974 1692; x_wconf 54' lang='grc' dir='ltr'><strong>Θ</strong></span> <span class='ocrx_word' id='word_1_100' title='bbox 1996 1511 2113 1693; x_wconf 48' lang='grc' dir='ltr'>’ἔθ’</span> <span class='ocrx_word' id='word_1_101' title='bbox 2129 1511 2215 1646; x_wconf 54' lang='lat'>&amp;³¹⁸¹</span> 
     </span>
     <span class='ocr_line' id='line_1_13' title="bbox 277 1613 2230 1758; baseline -0.014 -18"><span class='ocrx_word' id='word_1_102' title='bbox 277 1667 344 1740; x_wconf 87' lang='lat' dir='ltr'>sub</span> <span class='ocrx_word' id='word_1_103' title='bbox 360 1664 517 1758; x_wconf 84' lang='lat' dir='ltr'>periculo</span> <span class='ocrx_word' id='word_1_104' title='bbox 535 1664 628 1732; x_wconf 89' lang='lat' dir='ltr'>vitae</span> <span class='ocrx_word' id='word_1_105' title='bbox 643 1687 662 1732; x_wconf 91' lang='lat' dir='ltr'>a</span> <span class='ocrx_word' id='word_1_106' title='bbox 679 1655 882 1732; x_wconf 56' lang='lat' dir='ltr'>liutherana</span> <span class='ocrx_word' id='word_1_107' title='bbox 898 1654 1033 1730; x_wconf 85' lang='lat' dir='ltr'>haeresi</span> <span class='ocrx_word' id='word_1_108' title='bbox 1049 1681 1172 1730; x_wconf 90' lang='lat' dir='ltr'>omnes</span> <span class='ocrx_word' id='word_1_109' title='bbox 1193 1656 1263 1728; x_wconf 83' lang='lat' dir='ltr'>sibi</span> <span class='ocrx_word' id='word_1_110' title='bbox 1977 1671 1984 1688; x_wconf 94' lang='lat'><strong>·</strong></span> <span class='ocrx_word' id='word_1_111' title='bbox 2038 1613 2198 1712; x_wconf 41' lang='lat' dir='ltr'>spedista</span> <span class='ocrx_word' id='word_1_112' title='bbox 2217 1617 2230 1713; x_wconf 91' lang='lat' dir='ltr'>l</span> 
     </span>
     <span class='ocr_line' id='line_1_14' title="bbox 276 1742 2259 1858; baseline -0.004 -17"><span class='ocrx_word' id='word_1_113' title='bbox 276 1779 453 1842; x_wconf 74' lang='lat' dir='ltr'><strong>caverent.</strong></span> <span class='ocrx_word' id='word_1_114' title='bbox 520 1765 573 1836; x_wconf 89' lang='lat' dir='ltr'>lta</span> <span class='ocrx_word' id='word_1_115' title='bbox 604 1761 724 1836; x_wconf 83' lang='lat' dir='ltr'>statim</span> <span class='ocrx_word' id='word_1_116' title='bbox 756 1763 850 1832; x_wconf 89' lang='lat' dir='ltr'>ultra</span> <span class='ocrx_word' id='word_1_117' title='bbox 876 1761 976 1830; x_wconf 89' lang='lat' dir='ltr'>mille</span> <span class='ocrx_word' id='word_1_118' title='bbox 1002 1759 1153 1832; x_wconf 75' lang='lat' dir='ltr'>studiosi</span> <span class='ocrx_word' id='word_1_119' title='bbox 1180 1755 1264 1828; x_wconf 90' lang='lat' dir='ltr'>iude</span> <span class='ocrx_word' id='word_1_120' title='bbox 1314 1742 1362 1832; x_wconf 81' lang='lat' dir='ltr'>S.</span> <span class='ocrx_word' id='word_1_121' title='bbox 1385 1754 1430 1834; x_wconf 88' lang='lat' dir='ltr'>D.</span> <span class='ocrx_word' id='word_1_122' title='bbox 1484 1757 1723 1832; x_wconf 85' lang='lat' dir='ltr'>lllustrissime</span> <span class='ocrx_word' id='word_1_123' title='bbox 1755 1777 1791 1836; x_wconf 80' lang='lat' dir='ltr'>ct</span> <span class='ocrx_word' id='word_1_124' title='bbox 1823 1761 2095 1836; x_wconf 86' lang='lat' dir='ltr'>clementissime</span> <span class='ocrx_word' id='word_1_125' title='bbox 2126 1767 2259 1858; x_wconf 68' lang='lat' dir='ltr'>princepe</span> 
     </span>
     <span class='ocr_line' id='line_1_15' title="bbox 276 1857 2258 1959; baseline -0.003 -18"><span class='ocrx_word' id='word_1_126' title='bbox 276 1871 523 1942; x_wconf 73' lang='lat' dir='ltr'>discesseram.</span> <span class='ocrx_word' id='word_1_127' title='bbox 574 1857 761 1935; x_wconf 83' lang='lat' dir='ltr'>llaecheri</span> <span class='ocrx_word' id='word_1_128' title='bbox 778 1857 865 1932; x_wconf 90' lang='lat' dir='ltr'>mihi</span> <span class='ocrx_word' id='word_1_129' title='bbox 881 1863 1146 1936; x_wconf 81' lang='lat' dir='ltr'>oneravitdom.</span> <span class='ocrx_word' id='word_1_130' title='bbox 1162 1883 1265 1956; x_wconf 85' lang='lat' dir='ltr'>prae·</span> <span class='ocrx_word' id='word_1_131' title='bbox 1313 1860 1420 1946; x_wconf 84' lang='lat' dir='ltr'>Heri,</span> <span class='ocrx_word' id='word_1_132' title='bbox 1459 1861 1624 1933; x_wconf 90' lang='lat' dir='ltr'>videlicet</span> <span class='ocrx_word' id='word_1_133' title='bbox 1654 1864 1713 1934; x_wconf 90' lang='lat' dir='ltr'>die</span> <span class='ocrx_word' id='word_1_134' title='bbox 1739 1862 1866 1958; x_wconf 89' lang='lat' dir='ltr'>quinto</span> <span class='ocrx_word' id='word_1_135' title='bbox 1893 1865 2131 1959; x_wconf 70' lang='lat' dir='ltr'>Septembris,</span> <span class='ocrx_word' id='word_1_136' title='bbox 2162 1867 2258 1959; x_wconf 87' lang='lat' dir='ltr'>prinu</span> 
     </span>
     <span class='ocr_line' id='line_1_16' title="bbox 278 1958 2261 2064; baseline -0.004 -19"><span class='ocrx_word' id='word_1_137' title='bbox 278 1985 411 2064; x_wconf 78' lang='lat' dir='ltr'>ceptor.</span> <span class='ocrx_word' id='word_1_138' title='bbox 462 1965 584 2054; x_wconf 91' lang='lat' dir='ltr'>Certe,</span> <span class='ocrx_word' id='word_1_139' title='bbox 603 1963 772 2061; x_wconf 87' lang='lat' dir='ltr'>quicquid</span> <span class='ocrx_word' id='word_1_140' title='bbox 787 1964 825 2034; x_wconf 92' lang='lat' dir='ltr'>in</span> <span class='ocrx_word' id='word_1_141' title='bbox 840 1958 907 2034; x_wconf 88' lang='lat' dir='ltr'>boc</span> <span class='ocrx_word' id='word_1_142' title='bbox 922 1977 1099 2034; x_wconf 89' lang='lat' dir='ltr'>conventu</span> <span class='ocrx_word' id='word_1_143' title='bbox 1114 1964 1184 2049; x_wconf 80' lang='lat' dir='ltr'>uer,</span> <span class='ocrx_word' id='word_1_144' title='bbox 1210 1975 1265 2034; x_wconf 87' lang='lat' dir='ltr'>ta·</span> <span class='ocrx_word' id='word_1_145' title='bbox 1314 1985 1521 2054; x_wconf 87' lang='lat' dir='ltr'>congressus</span> <span class='ocrx_word' id='word_1_146' title='bbox 1543 1964 1657 2036; x_wconf 85' lang='lat' dir='ltr'>iactus</span> <span class='ocrx_word' id='word_1_147' title='bbox 1673 1979 1724 2037; x_wconf 89' lang='lat' dir='ltr'>est</span> <span class='ocrx_word' id='word_1_148' title='bbox 1742 1963 1977 2054; x_wconf 85' lang='lat' dir='ltr'>Nostrorum,</span> <span class='ocrx_word' id='word_1_149' title='bbox 2004 1969 2161 2040; x_wconf 84' lang='lat' dir='ltr'>videlicet</span> <span class='ocrx_word' id='word_1_150' title='bbox 2176 1983 2204 2040; x_wconf 88' lang='lat' dir='ltr'>et</span> <span class='ocrx_word' id='word_1_151' title='bbox 2216 1966 2261 2038; x_wconf 82' lang='lat' dir='ltr'>le·</span> 
     </span>
     <span class='ocr_line' id='line_1_17' title="bbox 278 2065 2261 2162; baseline -0.003 -17"><span class='ocrx_word' id='word_1_152' title='bbox 278 2097 363 2144; x_wconf 90' lang='lat' dir='ltr'>men</span> <span class='ocrx_word' id='word_1_153' title='bbox 386 2073 492 2140; x_wconf 87' lang='lat' dir='ltr'>finem</span> <span class='ocrx_word' id='word_1_154' title='bbox 517 2065 680 2140; x_wconf 88' lang='lat' dir='ltr'>habitura</span> <span class='ocrx_word' id='word_1_155' title='bbox 706 2078 759 2140; x_wconf 89' lang='lat' dir='ltr'>est</span> <span class='ocrx_word' id='word_1_156' title='bbox 776 2079 847 2140; x_wconf 89' lang='lat' dir='ltr'>tota</span> <span class='ocrx_word' id='word_1_157' title='bbox 865 2066 976 2151; x_wconf 88' lang='lat' dir='ltr'>actio,</span> <span class='ocrx_word' id='word_1_158' title='bbox 1001 2079 1042 2138; x_wconf 93' lang='lat' dir='ltr'>ut</span> <span class='ocrx_word' id='word_1_159' title='bbox 1056 2080 1118 2137; x_wconf 89' lang='lat' dir='ltr'>aut</span> <span class='ocrx_word' id='word_1_160' title='bbox 1132 2065 1265 2158; x_wconf 87' lang='lat' dir='ltr'>prode·</span> <span class='ocrx_word' id='word_1_161' title='bbox 1314 2079 1475 2155; x_wconf 81' lang='lat' dir='ltr'>gestorum</span> <span class='ocrx_word' id='word_1_162' title='bbox 1499 2065 1562 2160; x_wconf 89' lang='lat' dir='ltr'>qui</span> <span class='ocrx_word' id='word_1_163' title='bbox 1586 2068 1760 2139; x_wconf 86' lang='lat' dir='ltr'>anostris</span> <span class='ocrx_word' id='word_1_164' title='bbox 1782 2068 2010 2162; x_wconf 86' lang='lat' dir='ltr'>principibus</span> <span class='ocrx_word' id='word_1_165' title='bbox 2029 2069 2222 2156; x_wconf 89' lang='lat' dir='ltr'>missisunt,</span> <span class='ocrx_word' id='word_1_166' title='bbox 2239 2083 2261 2138; x_wconf 88' lang='lat' dir='ltr'>et</span> 
     </span>
     <span class='ocr_line' id='line_1_18' title="bbox 278 2161 2261 2262; baseline -0.002 -16"><span class='ocrx_word' id='word_1_167' title='bbox 278 2197 359 2246; x_wconf 88' lang='lat' dir='ltr'>mus</span> <span class='ocrx_word' id='word_1_168' title='bbox 391 2171 613 2262; x_wconf 89' lang='lat' dir='ltr'>evangelium</span> <span class='ocrx_word' id='word_1_169' title='bbox 647 2164 781 2242; x_wconf 89' lang='lat' dir='ltr'>Christi</span> <span class='ocrx_word' id='word_1_170' title='bbox 813 2167 1042 2254; x_wconf 86' lang='lat' dir='ltr'>adversariis,</span> <span class='ocrx_word' id='word_1_171' title='bbox 1081 2181 1144 2238; x_wconf 87' lang='lat' dir='ltr'>ant</span> <span class='ocrx_word' id='word_1_172' title='bbox 1170 2168 1265 2238; x_wconf 89' lang='lat' dir='ltr'>edita</span> <span class='ocrx_word' id='word_1_173' title='bbox 1315 2161 1563 2258; x_wconf 70' lang='lat' dir='ltr'>theologorum</span> <span class='ocrx_word' id='word_1_174' title='bbox 1592 2169 1655 2262; x_wconf 89' lang='lat' dir='ltr'>qni</span> <span class='ocrx_word' id='word_1_175' title='bbox 1684 2169 1966 2244; x_wconf 88' lang='lat' dir='ltr'>coniunctissimi</span> <span class='ocrx_word' id='word_1_176' title='bbox 1987 2195 2066 2244; x_wconf 89' lang='lat' dir='ltr'>esse</span> <span class='ocrx_word' id='word_1_177' title='bbox 2088 2173 2261 2244; x_wconf 78' lang='lat' dir='ltr'>debebamus</span> 
     </span>
     <span class='ocr_line' id='line_1_19' title="bbox 279 2263 2260 2366; baseline -0.002 -20"><span class='ocrx_word' id='word_1_178' title='bbox 279 2277 433 2366; x_wconf 87' lang='lat' dir='ltr'>ingenua</span> <span class='ocrx_word' id='word_1_179' title='bbox 454 2274 674 2355; x_wconf 79' lang='lat' dir='ltr'>consessione</span> <span class='ocrx_word' id='word_1_180' title='bbox 687 2293 805 2342; x_wconf 86' lang='lat' dir='ltr'>coram</span> <span class='ocrx_word' id='word_1_181' title='bbox 822 2283 897 2342; x_wconf 89' lang='lat' dir='ltr'>toto</span> <span class='ocrx_word' id='word_1_182' title='bbox 914 2271 1001 2342; x_wconf 88' lang='lat' dir='ltr'>orbe</span> <span class='ocrx_word' id='word_1_183' title='bbox 1018 2283 1192 2342; x_wconf 87' lang='lat' dir='ltr'>terrarum</span> <span class='ocrx_word' id='word_1_184' title='bbox 1208 2293 1265 2340; x_wconf 88' lang='lat' dir='ltr'>re-</span> <span class='ocrx_word' id='word_1_185' title='bbox 1314 2271 1359 2342; x_wconf 89' lang='lat' dir='ltr'>ad</span> <span class='ocrx_word' id='word_1_186' title='bbox 1388 2293 1491 2340; x_wconf 90' lang='lat' dir='ltr'>verae</span> <span class='ocrx_word' id='word_1_187' title='bbox 1521 2263 1705 2342; x_wconf 88' lang='lat' dir='ltr'>doctrinae</span> <span class='ocrx_word' id='word_1_188' title='bbox 1732 2272 2018 2366; x_wconf 75' lang='lat' dir='ltr'>explicationem.</span> <span class='ocrx_word' id='word_1_189' title='bbox 2080 2273 2156 2346; x_wconf 77' lang='lat' dir='ltr'>Fuit</span> <span class='ocrx_word' id='word_1_190' title='bbox 2174 2285 2260 2344; x_wconf 80' lang='lat' dir='ltr'>rosen</span> 
     </span>
     <span class='ocr_line' id='line_1_20' title="bbox 278 2367 2261 2472; baseline -0.005 -23"><span class='ocrx_word' id='word_1_191' title='bbox 278 2379 447 2472; x_wconf 86' lang='lat' dir='ltr'>linquens</span> <span class='ocrx_word' id='word_1_192' title='bbox 475 2369 543 2448; x_wconf 87' lang='lat' dir='ltr'>boc</span> <span class='ocrx_word' id='word_1_193' title='bbox 565 2373 807 2446; x_wconf 86' lang='lat' dir='ltr'>testimonium</span> <span class='ocrx_word' id='word_1_194' title='bbox 831 2373 997 2464; x_wconf 84' lang='lat' dir='ltr'>posteris,</span> <span class='ocrx_word' id='word_1_195' title='bbox 1030 2394 1097 2446; x_wconf 89' lang='lat' dir='ltr'>nos</span> <span class='ocrx_word' id='word_1_196' title='bbox 1118 2383 1266 2464; x_wconf 88' lang='lat' dir='ltr'>propter</span> <span class='ocrx_word' id='word_1_197' title='bbox 1316 2371 1452 2464; x_wconf 89' lang='lat' dir='ltr'>primus</span> <span class='ocrx_word' id='word_1_198' title='bbox 1476 2367 1604 2452; x_wconf 84' lang='lat' dir='ltr'>Actus.</span> <span class='ocrx_word' id='word_1_199' title='bbox 1644 2369 1832 2446; x_wconf 82' lang='lat' dir='ltr'>Accusatio</span> <span class='ocrx_word' id='word_1_200' title='bbox 1859 2375 1929 2445; x_wconf 90' lang='lat' dir='ltr'>mei</span> <span class='ocrx_word' id='word_1_201' title='bbox 1952 2399 2046 2468; x_wconf 87' lang='lat' dir='ltr'>pene</span> <span class='ocrx_word' id='word_1_202' title='bbox 2069 2375 2213 2466; x_wconf 86' lang='lat' dir='ltr'>descripta</span> <span class='ocrx_word' id='word_1_203' title='bbox 2232 2395 2261 2440; x_wconf 88' lang='lat' dir='ltr'>es</span> 
     </span>
     <span class='ocr_line' id='line_1_21' title="bbox 279 2467 2257 2570; baseline -0.003 -22"><span class='ocrx_word' id='word_1_204' title='bbox 279 2481 461 2552; x_wconf 70' lang='lat' dir='ltr'>vamtatem</span> <span class='ocrx_word' id='word_1_205' title='bbox 487 2475 661 2568; x_wconf 86' lang='lat' dir='ltr'>evangelii</span> <span class='ocrx_word' id='word_1_206' title='bbox 686 2475 792 2546; x_wconf 85' lang='lat' dir='ltr'>etiam</span> <span class='ocrx_word' id='word_1_207' title='bbox 817 2467 914 2544; x_wconf 79' lang='lat' dir='ltr'>barne</span> <span class='ocrx_word' id='word_1_208' title='bbox 942 2475 1151 2564; x_wconf 88' lang='lat' dir='ltr'>sanguinem</span> <span class='ocrx_word' id='word_1_209' title='bbox 1180 2495 1266 2565; x_wconf 91' lang='lat' dir='ltr'>pro-</span> <span class='ocrx_word' id='word_1_210' title='bbox 1314 2467 1447 2546; x_wconf 76' lang='lat' dir='ltr'>Flocii</span> <span class='ocrx_word' id='word_1_211' title='bbox 1464 2473 1646 2544; x_wconf 88' lang='lat' dir='ltr'>maledicis</span> <span class='ocrx_word' id='word_1_212' title='bbox 1661 2477 1812 2568; x_wconf 87' lang='lat' dir='ltr'>scriptis,</span> <span class='ocrx_word' id='word_1_213' title='bbox 1837 2469 2257 2570; x_wconf 83' lang='lat' dir='ltr'>pronunciatavoccSaep·</span> 
     </span>
     <span class='ocr_line' id='line_1_22' title="bbox 279 2567 2258 2674; baseline -0.007 -20"><span class='ocrx_word' id='word_1_214' title='bbox 279 2581 429 2654; x_wconf 81' lang='lat' dir='ltr'>fundere</span> <span class='ocrx_word' id='word_1_215' title='bbox 449 2593 590 2672; x_wconf 85' lang='lat' dir='ltr'>paratos</span> <span class='ocrx_word' id='word_1_216' title='bbox 612 2578 732 2650; x_wconf 81' lang='lat' dir='ltr'>luisse.</span> <span class='ocrx_word' id='word_1_217' title='bbox 784 2571 833 2646; x_wconf 88' lang='lat' dir='ltr'>Et</span> <span class='ocrx_word' id='word_1_218' title='bbox 854 2575 892 2644; x_wconf 92' lang='lat' dir='ltr'>iu</span> <span class='ocrx_word' id='word_1_219' title='bbox 917 2567 984 2645; x_wconf 91' lang='lat' dir='ltr'>boc</span> <span class='ocrx_word' id='word_1_220' title='bbox 1000 2575 1187 2667; x_wconf 74' lang='lat' dir='ltr'>posteriori</span> <span class='ocrx_word' id='word_1_221' title='bbox 1201 2598 1264 2664; x_wconf 91' lang='lat' dir='ltr'>ego</span> <span class='ocrx_word' id='word_1_222' title='bbox 1313 2567 1421 2674; x_wconf 76' lang='lat' dir='ltr'>pii’).</span> <span class='ocrx_word' id='word_1_223' title='bbox 1439 2571 1624 2668; x_wconf 79' lang='lat' dir='ltr'>Respondi</span> <span class='ocrx_word' id='word_1_224' title='bbox 1640 2576 1804 2660; x_wconf 87' lang='lat' dir='ltr'>breviter,</span> <span class='ocrx_word' id='word_1_225' title='bbox 1819 2575 2044 2652; x_wconf 88' lang='lat' dir='ltr'>Consensum</span> <span class='ocrx_word' id='word_1_226' title='bbox 2058 2577 2258 2653; x_wconf 88' lang='lat' dir='ltr'>esseonnion</span> 
     </span>
     <span class='ocr_line' id='line_1_23' title="bbox 278 2671 2260 2777; baseline -0.006 -23"><span class='ocrx_word' id='word_1_227' title='bbox 278 2683 467 2777; x_wconf 83' lang='lat' dir='ltr'>persistum</span> <span class='ocrx_word' id='word_1_228' title='bbox 485 2678 563 2752; x_wconf 88' lang='lat' dir='ltr'>Deo</span> <span class='ocrx_word' id='word_1_229' title='bbox 579 2681 743 2764; x_wconf 83' lang='lat' dir='ltr'>iuvante,</span> <span class='ocrx_word' id='word_1_230' title='bbox 770 2690 829 2762; x_wconf 90' lang='lat' dir='ltr'>ut,</span> <span class='ocrx_word' id='word_1_231' title='bbox 860 2677 890 2748; x_wconf 90' lang='lat' dir='ltr'>si</span> <span class='ocrx_word' id='word_1_232' title='bbox 907 2671 999 2748; x_wconf 89' lang='lat' dir='ltr'>nibil</span> <span class='ocrx_word' id='word_1_233' title='bbox 1015 2678 1132 2758; x_wconf 88' lang='lat' dir='ltr'>aliud,</span> <span class='ocrx_word' id='word_1_234' title='bbox 1162 2675 1265 2748; x_wconf 86' lang='lat' dir='ltr'>illae·</span> <span class='ocrx_word' id='word_1_235' title='bbox 1315 2679 1361 2748; x_wconf 87' lang='lat' dir='ltr'>de</span> <span class='ocrx_word' id='word_1_236' title='bbox 1375 2676 1550 2748; x_wconf 86' lang='lat' dir='ltr'>doctrina.</span> <span class='ocrx_word' id='word_1_237' title='bbox 1582 2674 1760 2771; x_wconf 77' lang='lat' dir='ltr'>Amplecti</span> <span class='ocrx_word' id='word_1_238' title='bbox 1777 2704 1843 2751; x_wconf 85' lang='lat' dir='ltr'>nos</span> <span class='ocrx_word' id='word_1_239' title='bbox 1858 2705 1983 2752; x_wconf 90' lang='lat' dir='ltr'>omnes</span> <span class='ocrx_word' id='word_1_240' title='bbox 2003 2698 2038 2755; x_wconf 88' lang='lat' dir='ltr'>et</span> <span class='ocrx_word' id='word_1_241' title='bbox 2052 2683 2185 2754; x_wconf 86' lang='lat' dir='ltr'>retinere</span> <span class='ocrx_word' id='word_1_242' title='bbox 2195 2699 2260 2746; x_wconf 87' lang='lat' dir='ltr'>coo-</span> 
     </span>
     <span class='ocr_line' id='line_1_24' title="bbox 279 2772 2260 2875; baseline -0.006 -17"><span class='ocrx_word' id='word_1_243' title='bbox 279 2809 354 2858; x_wconf 85' lang='lat' dir='ltr'>sam</span> <span class='ocrx_word' id='word_1_244' title='bbox 378 2782 627 2854; x_wconf 79' lang='lat' dir='ltr'>conscientiam</span> <span class='ocrx_word' id='word_1_245' title='bbox 646 2793 834 2872; x_wconf 88' lang='lat' dir='ltr'>reportem.</span> <span class='ocrx_word' id='word_1_246' title='bbox 887 2777 959 2850; x_wconf 87' lang='lat' dir='ltr'>Vos</span> <span class='ocrx_word' id='word_1_247' title='bbox 974 2777 1177 2852; x_wconf 80' lang='lat' dir='ltr'>Reverendi</span> <span class='ocrx_word' id='word_1_248' title='bbox 1197 2776 1266 2875; x_wconf 77' lang='lat' dir='ltr'>viri</span> <span class='ocrx_word' id='word_1_249' title='bbox 1315 2779 1503 2850; x_wconf 76' lang='lat' dir='ltr'>sessionem</span> <span class='ocrx_word' id='word_1_250' title='bbox 1515 2772 1545 2874; x_wconf 81' lang='lat'>⁵)</span> <span class='ocrx_word' id='word_1_251' title='bbox 1567 2803 1647 2850; x_wconf 92' lang='lat' dir='ltr'>cum</span> <span class='ocrx_word' id='word_1_252' title='bbox 1660 2777 1835 2874; x_wconf 81' lang='lat' dir='ltr'>Apologia</span> <span class='ocrx_word' id='word_1_253' title='bbox 1859 2796 1896 2854; x_wconf 84' lang='lat' dir='ltr'>at</span> <span class='ocrx_word' id='word_1_254' title='bbox 1916 2786 2135 2857; x_wconf 78' lang='lat' dir='ltr'>confessione</span> <span class='ocrx_word' id='word_1_255' title='bbox 2147 2773 2260 2852; x_wconf 86' lang='lat' dir='ltr'>botheri</span> 
     </span>
     <span class='ocr_line' id='line_1_25' title="bbox 279 2869 2258 2980; baseline -0.008 -21"><span class='ocrx_word' id='word_1_256' title='bbox 279 2899 316 2959; x_wconf 89' lang='lat' dir='ltr'>et</span> <span class='ocrx_word' id='word_1_257' title='bbox 341 2887 379 2956; x_wconf 91' lang='lat' dir='ltr'>in</span> <span class='ocrx_word' id='word_1_258' title='bbox 402 2885 549 2956; x_wconf 88' lang='lat' dir='ltr'>domino</span> <span class='ocrx_word' id='word_1_259' title='bbox 571 2881 741 2956; x_wconf 86' lang='lat' dir='ltr'>carissimi</span> <span class='ocrx_word' id='word_1_260' title='bbox 762 2883 888 2950; x_wconf 83' lang='lat' dir='ltr'>fratres</span> <span class='ocrx_word' id='word_1_261' title='bbox 909 2905 974 2972; x_wconf 91' lang='lat' dir='ltr'>pro</span> <span class='ocrx_word' id='word_1_262' title='bbox 998 2894 1113 2952; x_wconf 85' lang='lat' dir='ltr'>vestra</span> <span class='ocrx_word' id='word_1_263' title='bbox 1135 2869 1266 2974; x_wconf 82' lang='lat' dir='ltr'>pletele</span> <span class='ocrx_word' id='word_1_264' title='bbox 1314 2881 1444 2972; x_wconf 89' lang='lat' dir='ltr'>scripta</span> <span class='ocrx_word' id='word_1_265' title='bbox 1467 2895 1550 2954; x_wconf 86' lang='lat' dir='ltr'>ante</span> <span class='ocrx_word' id='word_1_266' title='bbox 1565 2880 1798 2954; x_wconf 83' lang='lat' dir='ltr'>Mantuanam</span> <span class='ocrx_word' id='word_1_267' title='bbox 1817 2883 2021 2980; x_wconf 84' lang='lat' dir='ltr'>Synodum.</span> <span class='ocrx_word' id='word_1_268' title='bbox 2070 2879 2258 2958; x_wconf 83' lang='lat' dir='ltr'>Paucaetian</span> 
     </span>
     <span class='ocr_line' id='line_1_26' title="bbox 278 2983 2257 3083; baseline -0.003 -23"><span class='ocrx_word' id='word_1_269' title='bbox 278 3001 459 3060; x_wconf 86' lang='lat' dir='ltr'>tantarum</span> <span class='ocrx_word' id='word_1_270' title='bbox 481 3009 600 3058; x_wconf 87' lang='lat' dir='ltr'>rerum</span> <span class='ocrx_word' id='word_1_271' title='bbox 622 2984 779 3078; x_wconf 88' lang='lat' dir='ltr'>pericula</span> <span class='ocrx_word' id='word_1_272' title='bbox 803 2995 838 3052; x_wconf 91' lang='lat' dir='ltr'>et</span> <span class='ocrx_word' id='word_1_273' title='bbox 858 2983 1081 3056; x_wconf 84' lang='lat' dir='ltr'>difficultates</span> <span class='ocrx_word' id='word_1_274' title='bbox 1105 2983 1266 3072; x_wconf 82' lang='lat' dir='ltr'>cogitate.</span> <span class='ocrx_word' id='word_1_275' title='bbox 1317 2984 1390 3054; x_wconf 81' lang='lat' dir='ltr'>dixi</span> <span class='ocrx_word' id='word_1_276' title='bbox 1410 2985 1455 3054; x_wconf 91' lang='lat' dir='ltr'>de</span> <span class='ocrx_word' id='word_1_277' title='bbox 1479 3007 1556 3054; x_wconf 90' lang='lat' dir='ltr'>meo</span> <span class='ocrx_word' id='word_1_278' title='bbox 1580 2984 1749 3069; x_wconf 85' lang='lat' dir='ltr'>consilio,</span> <span class='ocrx_word' id='word_1_279' title='bbox 1781 3011 1853 3080; x_wconf 84' lang='lat' dir='ltr'>quo</span> <span class='ocrx_word' id='word_1_280' title='bbox 1875 2987 1976 3082; x_wconf 83' lang='lat' dir='ltr'>quasi</span> <span class='ocrx_word' id='word_1_281' title='bbox 2003 2985 2257 3083; x_wconf 78' lang='lat' dir='ltr'>potirisiestonttt</span> 
     </span>
     <span class='ocr_line' id='line_1_27' title="bbox 278 3085 2256 3181; baseline -0.001 -21"><span class='ocrx_word' id='word_1_282' title='bbox 278 3087 485 3161; x_wconf 86' lang='lat' dir='ltr'>Hortamiui</span> <span class='ocrx_word' id='word_1_283' title='bbox 505 3087 679 3180; x_wconf 89' lang='lat' dir='ltr'>populum</span> <span class='ocrx_word' id='word_1_284' title='bbox 694 3087 738 3154; x_wconf 91' lang='lat' dir='ltr'>ad</span> <span class='ocrx_word' id='word_1_285' title='bbox 754 3107 871 3154; x_wconf 89' lang='lat' dir='ltr'>veram</span> <span class='ocrx_word' id='word_1_286' title='bbox 890 3097 923 3156; x_wconf 85' lang='lat' dir='ltr'>et</span> <span class='ocrx_word' id='word_1_287' title='bbox 938 3085 1064 3155; x_wconf 88' lang='lat' dir='ltr'>seriam</span> <span class='ocrx_word' id='word_1_288' title='bbox 1081 3085 1266 3177; x_wconf 87' lang='lat' dir='ltr'>poeniten·</span> <span class='ocrx_word' id='word_1_289' title='bbox 1314 3086 1441 3157; x_wconf 89' lang='lat' dir='ltr'>seriem</span> <span class='ocrx_word' id='word_1_290' title='bbox 1464 3099 1500 3159; x_wconf 88' lang='lat' dir='ltr'>et</span> <span class='ocrx_word' id='word_1_291' title='bbox 1523 3085 1656 3156; x_wconf 85' lang='lat' dir='ltr'>similes</span> <span class='ocrx_word' id='word_1_292' title='bbox 1681 3091 1851 3181; x_wconf 85' lang='lat' dir='ltr'>quosdam</span> <span class='ocrx_word' id='word_1_293' title='bbox 1867 3090 1976 3171; x_wconf 88' lang='lat' dir='ltr'>ritus,</span> <span class='ocrx_word' id='word_1_294' title='bbox 2006 3113 2070 3162; x_wconf 90' lang='lat' dir='ltr'>suo</span> <span class='ocrx_word' id='word_1_295' title='bbox 2085 3109 2198 3180; x_wconf 82' lang='lat' dir='ltr'>genere</span> <span class='ocrx_word' id='word_1_296' title='bbox 2211 3101 2256 3150; x_wconf 84' lang='lat' dir='ltr'>noo</span> 
     </span>
     <span class='ocr_line' id='line_1_28' title="bbox 279 3182 2258 3284; baseline -0.005 -20"><span class='ocrx_word' id='word_1_297' title='bbox 279 3191 385 3277; x_wconf 86' lang='lat' dir='ltr'>tiam,</span> <span class='ocrx_word' id='word_1_298' title='bbox 410 3202 446 3260; x_wconf 90' lang='lat' dir='ltr'>et</span> <span class='ocrx_word' id='word_1_299' title='bbox 460 3202 558 3261; x_wconf 88' lang='lat' dir='ltr'>orate</span> <span class='ocrx_word' id='word_1_300' title='bbox 572 3188 771 3280; x_wconf 77' lang='lat' dir='ltr'>diligenter,</span> <span class='ocrx_word' id='word_1_301' title='bbox 796 3197 834 3256; x_wconf 91' lang='lat' dir='ltr'>ut</span> <span class='ocrx_word' id='word_1_302' title='bbox 849 3199 987 3256; x_wconf 89' lang='lat' dir='ltr'>nostras</span> <span class='ocrx_word' id='word_1_303' title='bbox 998 3185 1154 3258; x_wconf 86' lang='lat' dir='ltr'>actiones</span> <span class='ocrx_word' id='word_1_304' title='bbox 1168 3183 1266 3258; x_wconf 82' lang='lat' dir='ltr'>Deus</span> <span class='ocrx_word' id='word_1_305' title='bbox 1316 3187 1479 3272; x_wconf 87' lang='lat' dir='ltr'>vitiosos,</span> <span class='ocrx_word' id='word_1_306' title='bbox 1502 3187 1707 3258; x_wconf 86' lang='lat' dir='ltr'>retinendos</span> <span class='ocrx_word' id='word_1_307' title='bbox 1730 3212 1930 3284; x_wconf 87' lang='lat' dir='ltr'>essequam</span> <span class='ocrx_word' id='word_1_308' title='bbox 1952 3182 2258 3264; x_wconf 77' lang='lat' dir='ltr'>‹leserendasbccle-</span> 
     </span>
     <span class='ocr_line' id='line_1_29' title="bbox 279 3277 2258 3386; baseline -0.004 -22"><span class='ocrx_word' id='word_1_309' title='bbox 279 3317 344 3386; x_wconf 90' lang='lat' dir='ltr'>pro</span> <span class='ocrx_word' id='word_1_310' title='bbox 361 3315 423 3364; x_wconf 87' lang='lat' dir='ltr'>sua</span> <span class='ocrx_word' id='word_1_311' title='bbox 439 3291 611 3360; x_wconf 89' lang='lat' dir='ltr'>immensa</span> <span class='ocrx_word' id='word_1_312' title='bbox 624 3286 865 3362; x_wconf 88' lang='lat' dir='ltr'>misericordia</span> <span class='ocrx_word' id='word_1_313' title='bbox 882 3287 1055 3376; x_wconf 73' lang='lat' dir='ltr'>gubernet</span> <span class='ocrx_word' id='word_1_314' title='bbox 1068 3289 1113 3360; x_wconf 89' lang='lat' dir='ltr'>ad</span> <span class='ocrx_word' id='word_1_315' title='bbox 1128 3288 1183 3358; x_wconf 87' lang='lat' dir='ltr'>sui</span> <span class='ocrx_word' id='word_1_316' title='bbox 1199 3311 1267 3361; x_wconf 86' lang='lat' dir='ltr'>no·</span> <span class='ocrx_word' id='word_1_317' title='bbox 1313 3289 1405 3375; x_wconf 87' lang='lat' dir='ltr'>sias,</span> <span class='ocrx_word' id='word_1_318' title='bbox 1431 3291 1619 3382; x_wconf 71' lang='lat' dir='ltr'>provocavi</span> <span class='ocrx_word' id='word_1_319' title='bbox 1641 3289 1746 3362; x_wconf 86' lang='lat' dir='ltr'>etiam</span> <span class='ocrx_word' id='word_1_320' title='bbox 1769 3295 1813 3362; x_wconf 89' lang='lat' dir='ltr'>ad</span> <span class='ocrx_word' id='word_1_321' title='bbox 1838 3294 2012 3364; x_wconf 90' lang='lat' dir='ltr'>indicium</span> <span class='ocrx_word' id='word_1_322' title='bbox 2027 3303 2205 3364; x_wconf 83' lang='lat' dir='ltr'>ceterorum</span> <span class='ocrx_word' id='word_1_323' title='bbox 2214 3277 2258 3377; x_wconf 80' lang='lat' dir='ltr'>qul</span> 
     </span>
     <span class='ocr_line' id='line_1_30' title="bbox 278 3385 2257 3486; baseline -0.003 -20"><span class='ocrx_word' id='word_1_324' title='bbox 278 3394 388 3466; x_wconf 88' lang='lat' dir='ltr'>minis</span> <span class='ocrx_word' id='word_1_325' title='bbox 410 3393 561 3484; x_wconf 88' lang='lat' dir='ltr'>gloriam</span> <span class='ocrx_word' id='word_1_326' title='bbox 585 3407 619 3464; x_wconf 91' lang='lat' dir='ltr'>et</span> <span class='ocrx_word' id='word_1_327' title='bbox 643 3393 681 3462; x_wconf 87' lang='lat' dir='ltr'>in</span> <span class='ocrx_word' id='word_1_328' title='bbox 703 3389 946 3462; x_wconf 81' lang='lat' dir='ltr'>confusionem</span> <span class='ocrx_word' id='word_1_329' title='bbox 962 3385 1140 3462; x_wconf 79' lang='lat' dir='ltr'>sathanae</span> <span class='ocrx_word' id='word_1_330' title='bbox 1159 3403 1265 3460; x_wconf 82' lang='lat' dir='ltr'>etse·</span> <span class='ocrx_word' id='word_1_331' title='bbox 1315 3393 1456 3464; x_wconf 86' lang='lat' dir='ltr'>adsnnt.</span> <span class='ocrx_word' id='word_1_332' title='bbox 1518 3387 1654 3464; x_wconf 83' lang='lat' dir='ltr'>Addidi</span> <span class='ocrx_word' id='word_1_333' title='bbox 1676 3416 1820 3486; x_wconf 83' lang='lat' dir='ltr'>qnoque</span> <span class='ocrx_word' id='word_1_334' title='bbox 1843 3391 1933 3464; x_wconf 90' lang='lat' dir='ltr'>mibi</span> <span class='ocrx_word' id='word_1_335' title='bbox 1954 3389 2257 3484; x_wconf 79' lang='lat' dir='ltr'>gratissimomlott.</span> 
     </span>
     <span class='ocr_line' id='line_1_31' title="bbox 279 3489 2257 3591; baseline -0.001 -25"><span class='ocrx_word' id='word_1_336' title='bbox 279 3497 444 3591; x_wconf 89' lang='lat' dir='ltr'>quseium</span> <span class='ocrx_word' id='word_1_337' title='bbox 468 3493 556 3570; x_wconf 88' lang='lat' dir='ltr'>eius.</span> <span class='ocrx_word' id='word_1_338' title='bbox 606 3491 802 3564; x_wconf 88' lang='lat' dir='ltr'>Coadintor</span> <span class='ocrx_word' id='word_1_339' title='bbox 822 3503 942 3562; x_wconf 87' lang='lat' dir='ltr'>noster</span> <span class='ocrx_word' id='word_1_340' title='bbox 961 3491 1068 3584; x_wconf 85' lang='lat' dir='ltr'>petit,</span> <span class='ocrx_word' id='word_1_341' title='bbox 1090 3501 1132 3564; x_wconf 88' lang='lat' dir='ltr'>ut</span> <span class='ocrx_word' id='word_1_342' title='bbox 1154 3491 1265 3584; x_wconf 87' lang='lat' dir='ltr'>possit</span> <span class='ocrx_word' id='word_1_343' title='bbox 1313 3493 1344 3562; x_wconf 89' lang='lat' dir='ltr'>si</span> <span class='ocrx_word' id='word_1_344' title='bbox 1364 3494 1409 3562; x_wconf 84' lang='lat' dir='ltr'>ab</span> <span class='ocrx_word' id='word_1_345' title='bbox 1426 3489 1491 3562; x_wconf 87' lang='lat' dir='ltr'>bac</span> <span class='ocrx_word' id='word_1_346' title='bbox 1505 3505 1579 3564; x_wconf 87' lang='lat' dir='ltr'>tota</span> <span class='ocrx_word' id='word_1_347' title='bbox 1594 3494 1733 3566; x_wconf 88' lang='lat' dir='ltr'>actione</span> <span class='ocrx_word' id='word_1_348' title='bbox 1749 3491 1856 3566; x_wconf 76' lang='lat' dir='ltr'>hrains</span> <span class='ocrx_word' id='word_1_349' title='bbox 1869 3513 2066 3568; x_wconf 75' lang='lat' dir='ltr'>moventes</span> <span class='ocrx_word' id='word_1_350' title='bbox 2080 3515 2207 3590; x_wconf 82' lang='lat' dir='ltr'>prorsus</span> <span class='ocrx_word' id='word_1_351' title='bbox 2218 3511 2257 3552; x_wconf 70' lang='lat'>‘¹-</span> 
     </span>
     <span class='ocr_line' id='line_1_32' title="bbox 278 3591 2258 3691; baseline -0.006 -21"><span class='ocrx_word' id='word_1_352' title='bbox 278 3595 414 3678; x_wconf 87' lang='lat' dir='ltr'>diutius</span> <span class='ocrx_word' id='word_1_353' title='bbox 434 3619 573 3670; x_wconf 90' lang='lat' dir='ltr'>mecum</span> <span class='ocrx_word' id='word_1_354' title='bbox 596 3591 656 3668; x_wconf 89' lang='lat' dir='ltr'>bic</span> <span class='ocrx_word' id='word_1_355' title='bbox 678 3591 841 3679; x_wconf 88' lang='lat' dir='ltr'>haerere,</span> <span class='ocrx_word' id='word_1_356' title='bbox 868 3605 902 3664; x_wconf 92' lang='lat' dir='ltr'>et</span> <span class='ocrx_word' id='word_1_357' title='bbox 917 3615 979 3683; x_wconf 88' lang='lat' dir='ltr'>ego</span> <span class='ocrx_word' id='word_1_358' title='bbox 994 3603 1110 3664; x_wconf 85' lang='lat' dir='ltr'>statuo</span> <span class='ocrx_word' id='word_1_359' title='bbox 1124 3615 1264 3664; x_wconf 84' lang='lat' dir='ltr'>necesse</span> <span class='ocrx_word' id='word_1_360' title='bbox 1314 3591 1531 3691; x_wconf 85' lang='lat' dir='ltr'>cluderer⁴).</span> <span class='ocrx_word' id='word_1_361' title='bbox 1583 3594 1704 3686; x_wconf 85' lang='lat' dir='ltr'>Legati</span> <span class='ocrx_word' id='word_1_362' title='bbox 1719 3597 1919 3691; x_wconf 86' lang='lat' dir='ltr'>principum</span> <span class='ocrx_word' id='word_1_363' title='bbox 1934 3623 2060 3672; x_wconf 86' lang='lat' dir='ltr'>omnes</span> <span class='ocrx_word' id='word_1_364' title='bbox 2075 3591 2258 3670; x_wconf 83' lang='lat' dir='ltr'>consentien-</span> 
     </span>
     <span class='ocr_line' id='line_1_33' title="bbox 278 3691 2259 3791; baseline -0.005 -19"><span class='ocrx_word' id='word_1_365' title='bbox 278 3695 472 3782; x_wconf 75' lang='lat' dir='ltr'>Ecclesiae,</span> <span class='ocrx_word' id='word_1_366' title='bbox 508 3712 550 3772; x_wconf 91' lang='lat' dir='ltr'>ut</span> <span class='ocrx_word' id='word_1_367' title='bbox 571 3711 693 3772; x_wconf 90' lang='lat' dir='ltr'>testem</span> <span class='ocrx_word' id='word_1_368' title='bbox 717 3691 865 3766; x_wconf 88' lang='lat' dir='ltr'>babeam</span> <span class='ocrx_word' id='word_1_369' title='bbox 890 3719 1047 3766; x_wconf 89' lang='lat' dir='ltr'>mearum</span> <span class='ocrx_word' id='word_1_370' title='bbox 1070 3696 1262 3770; x_wconf 87' lang='lat' dir='ltr'>actionum.</span> <span class='ocrx_word' id='word_1_371' title='bbox 1313 3710 1383 3782; x_wconf 87' lang='lat' dir='ltr'>tes,</span> <span class='ocrx_word' id='word_1_372' title='bbox 1407 3719 1485 3768; x_wconf 82' lang='lat' dir='ltr'>mee</span> <span class='ocrx_word' id='word_1_373' title='bbox 1507 3699 1737 3791; x_wconf 83' lang='lat' dir='ltr'>responsione</span> <span class='ocrx_word' id='word_1_374' title='bbox 1751 3701 1908 3771; x_wconf 84' lang='lat' dir='ltr'>contenti</span> <span class='ocrx_word' id='word_1_375' title='bbox 1916 3747 1927 3779; x_wconf 85' lang='lat'>,</span> <span class='ocrx_word' id='word_1_376' title='bbox 1954 3695 2083 3772; x_wconf 82' lang='lat' dir='ltr'>hortati</span> <span class='ocrx_word' id='word_1_377' title='bbox 2098 3711 2173 3769; x_wconf 80' lang='lat' dir='ltr'>soen</span> <span class='ocrx_word' id='word_1_378' title='bbox 2183 3711 2259 3762; x_wconf 80' lang='lat' dir='ltr'>actv·</span> 
     </span>
     <span class='ocr_line' id='line_1_34' title="bbox 279 3797 2259 3893; baseline -0.001 -23"><span class='ocrx_word' id='word_1_379' title='bbox 279 3799 400 3892; x_wconf 85' lang='lat' dir='ltr'>Quare</span> <span class='ocrx_word' id='word_1_380' title='bbox 433 3799 605 3874; x_wconf 87' lang='lat' dir='ltr'>carissimi</span> <span class='ocrx_word' id='word_1_381' title='bbox 636 3801 761 3870; x_wconf 85' lang='lat' dir='ltr'>iratres</span> <span class='ocrx_word' id='word_1_382' title='bbox 795 3821 869 3867; x_wconf 90' lang='lat' dir='ltr'>non</span> <span class='ocrx_word' id='word_1_383' title='bbox 903 3797 950 3868; x_wconf 92' lang='lat' dir='ltr'>sit</span> <span class='ocrx_word' id='word_1_384' title='bbox 981 3797 1083 3867; x_wconf 89' lang='lat' dir='ltr'>vobis</span> <span class='ocrx_word' id='word_1_385' title='bbox 1117 3799 1262 3868; x_wconf 86' lang='lat' dir='ltr'>molesta</span> <span class='ocrx_word' id='word_1_386' title='bbox 1312 3811 1461 3882; x_wconf 87' lang='lat' dir='ltr'>satores,</span> <span class='ocrx_word' id='word_1_387' title='bbox 1496 3815 1536 3870; x_wconf 91' lang='lat' dir='ltr'>nt</span> <span class='ocrx_word' id='word_1_388' title='bbox 1564 3800 1718 3893; x_wconf 79' lang='lat' dir='ltr'>privatas</span> <span class='ocrx_word' id='word_1_389' title='bbox 1738 3803 1986 3874; x_wconf 82' lang='lat' dir='ltr'>contentiones</span> <span class='ocrx_word' id='word_1_390' title='bbox 2008 3803 2213 3873; x_wconf 84' lang='lat' dir='ltr'>omitterent.</span> <span class='ocrx_word' id='word_1_391' title='bbox 2236 3799 2259 3856; x_wconf 74' lang='lat' dir='ltr'>tl</span> 
     </span>
     <span class='ocr_line' id='line_1_35' title="bbox 277 3891 2258 3994; baseline -0.002 -22"><span class='ocrx_word' id='word_1_392' title='bbox 277 3901 571 3994; x_wconf 86' lang='lat' dir='ltr'>ipsiusabsentia.</span> <span class='ocrx_word' id='word_1_393' title='bbox 621 3899 799 3971; x_wconf 89' lang='lat' dir='ltr'>Dominus</span> <span class='ocrx_word' id='word_1_394' title='bbox 816 3894 911 3970; x_wconf 85' lang='lat' dir='ltr'>iesus</span> <span class='ocrx_word' id='word_1_395' title='bbox 925 3893 1089 3969; x_wconf 88' lang='lat' dir='ltr'>Cbristus</span> <span class='ocrx_word' id='word_1_396' title='bbox 1103 3911 1137 3968; x_wconf 89' lang='lat' dir='ltr'>et</span> <span class='ocrx_word' id='word_1_397' title='bbox 1152 3899 1261 3988; x_wconf 80' lang='lat' dir='ltr'>gratio</span> <span class='ocrx_word' id='word_1_398' title='bbox 1312 3903 1356 3970; x_wconf 90' lang='lat' dir='ltr'>ad</span> <span class='ocrx_word' id='word_1_399' title='bbox 1379 3900 1673 3973; x_wconf 86' lang='lat' dir='ltr'>deliberationem</span> <span class='ocrx_word' id='word_1_400' title='bbox 1694 3927 1920 3976; x_wconf 87' lang='lat' dir='ltr'>communem</span> <span class='ocrx_word' id='word_1_401' title='bbox 1945 3910 1991 3974; x_wconf 89' lang='lat' dir='ltr'>de</span> <span class='ocrx_word' id='word_1_402' title='bbox 2014 3900 2195 3974; x_wconf 78' lang='lat' dir='ltr'>refutandis</span> <span class='ocrx_word' id='word_1_403' title='bbox 2214 3891 2258 3960; x_wconf 78' lang='lat'>³¹¹·</span> 
     </span>
     <span class='ocr_line' id='line_1_36' title="bbox 278 3989 2256 4096; baseline -0.003 -21"><span class='ocrx_word' id='word_1_404' title='bbox 278 4001 433 4095; x_wconf 89' lang='lat' dir='ltr'>Spiritus</span> <span class='ocrx_word' id='word_1_405' title='bbox 448 4004 558 4073; x_wconf 85' lang='lat' dir='ltr'>sancti</span> <span class='ocrx_word' id='word_1_406' title='bbox 575 4004 680 4072; x_wconf 90' lang='lat' dir='ltr'>corda</span> <span class='ocrx_word' id='word_1_407' title='bbox 698 4015 811 4070; x_wconf 87' lang='lat' dir='ltr'>vestra</span> <span class='ocrx_word' id='word_1_408' title='bbox 826 3999 996 4090; x_wconf 76' lang='lat' dir='ltr'>gubernet</span> <span class='ocrx_word' id='word_1_409' title='bbox 1011 4003 1055 4069; x_wconf 90' lang='lat' dir='ltr'>ad</span> <span class='ocrx_word' id='word_1_410' title='bbox 1075 4001 1128 4069; x_wconf 88' lang='lat' dir='ltr'>sui</span> <span class='ocrx_word' id='word_1_411' title='bbox 1146 4001 1261 4068; x_wconf 89' lang='lat' dir='ltr'>nomi-</span> <span class='ocrx_word' id='word_1_412' title='bbox 1313 4005 1477 4074; x_wconf 86' lang='lat' dir='ltr'>versariis</span> <span class='ocrx_word' id='word_1_413' title='bbox 1492 4006 1732 4096; x_wconf 86' lang='lat' dir='ltr'>procederent.</span> <span class='ocrx_word' id='word_1_414' title='bbox 1786 4003 1881 4076; x_wconf 85' lang='lat' dir='ltr'>llaec</span> <span class='ocrx_word' id='word_1_415' title='bbox 1896 4002 1972 4076; x_wconf 90' lang='lat' dir='ltr'>heri</span> <span class='ocrx_word' id='word_1_416' title='bbox 1990 4021 2064 4076; x_wconf 86' lang='lat' dir='ltr'>acta</span> <span class='ocrx_word' id='word_1_417' title='bbox 2085 4015 2170 4074; x_wconf 75' lang='lat' dir='ltr'>ssent.</span> <span class='ocrx_word' id='word_1_418' title='bbox 2195 3989 2256 4088; x_wconf 75' lang='lat' dir='ltr'>qttbl</span> 
     </span>
     <span class='ocr_line' id='line_1_37' title="bbox 277 4096 2257 4196; baseline -0.006 -22"><span class='ocrx_word' id='word_1_419' title='bbox 277 4103 334 4174; x_wconf 91' lang='lat' dir='ltr'>uis</span> <span class='ocrx_word' id='word_1_420' title='bbox 353 4105 502 4196; x_wconf 87' lang='lat' dir='ltr'>gloriam</span> <span class='ocrx_word' id='word_1_421' title='bbox 519 4117 553 4174; x_wconf 93' lang='lat' dir='ltr'>et</span> <span class='ocrx_word' id='word_1_422' title='bbox 569 4105 612 4172; x_wconf 90' lang='lat' dir='ltr'>ad</span> <span class='ocrx_word' id='word_1_423' title='bbox 634 4103 780 4172; x_wconf 85' lang='lat' dir='ltr'>salutem</span> <span class='ocrx_word' id='word_1_424' title='bbox 796 4124 879 4170; x_wconf 79' lang='lat' dir='ltr'>strae</span> <span class='ocrx_word' id='word_1_425' title='bbox 892 4096 1081 4176; x_wconf 82' lang='lat' dir='ltr'>Ecclesiae.</span> <span class='ocrx_word' id='word_1_426' title='bbox 1133 4099 1259 4176; x_wconf 79' lang='lat' dir='ltr'>Amen.</span> <span class='ocrx_word' id='word_1_427' title='bbox 1312 4119 1529 4178; x_wconf 85' lang='lat' dir='ltr'>accusatores</span> <span class='ocrx_word' id='word_1_428' title='bbox 1547 4107 1673 4178; x_wconf 82' lang='lat' dir='ltr'>facturi</span> <span class='ocrx_word' id='word_1_429' title='bbox 1695 4109 1767 4176; x_wconf 83' lang='lat' dir='ltr'>sint</span> <span class='ocrx_word' id='word_1_430' title='bbox 1789 4111 1949 4178; x_wconf 88' lang='lat' dir='ltr'>snmdnm</span> <span class='ocrx_word' id='word_1_431' title='bbox 1973 4109 2058 4178; x_wconf 89' lang='lat' dir='ltr'>scio.</span> <span class='ocrx_word' id='word_1_432' title='bbox 2116 4103 2185 4192; x_wconf 79' lang='lat' dir='ltr'>Ego</span> <span class='ocrx_word' id='word_1_433' title='bbox 2205 4115 2257 4162; x_wconf 86' lang='lat' dir='ltr'>ne·</span> 
     </span>
     <span class='ocr_line' id='line_1_38' title="bbox 276 4191 2258 4300; baseline -0.01 -21"><span class='ocrx_word' id='word_1_434' title='bbox 276 4204 435 4279; x_wconf 88' lang='lat' dir='ltr'>Salutate</span> <span class='ocrx_word' id='word_1_435' title='bbox 452 4201 656 4276; x_wconf 84' lang='lat' dir='ltr'>Ecclesiam.</span> <span class='ocrx_word' id='word_1_436' title='bbox 708 4199 763 4278; x_wconf 81' lang='lat' dir='ltr'>Ex</span> <span class='ocrx_word' id='word_1_437' title='bbox 778 4199 1008 4284; x_wconf 87' lang='lat' dir='ltr'>Wormatia,</span> <span class='ocrx_word' id='word_1_438' title='bbox 1034 4207 1070 4279; x_wconf 80' lang='lat'>2.</span> <span class='ocrx_word' id='word_1_439' title='bbox 1083 4203 1261 4294; x_wconf 86' lang='lat' dir='ltr'>Septemb.</span> <span class='ocrx_word' id='word_1_440' title='bbox 1312 4207 1427 4278; x_wconf 88' lang='lat' dir='ltr'>diocri</span> <span class='ocrx_word' id='word_1_441' title='bbox 1440 4209 1617 4300; x_wconf 88' lang='lat' dir='ltr'>aequitate</span> <span class='ocrx_word' id='word_1_442' title='bbox 1631 4210 1740 4279; x_wconf 86' lang='lat' dir='ltr'>animi</span> <span class='ocrx_word' id='word_1_443' title='bbox 1757 4203 1820 4280; x_wconf 86' lang='lat' dir='ltr'>has</span> <span class='ocrx_word' id='word_1_444' title='bbox 1834 4211 2066 4280; x_wconf 85' lang='lat' dir='ltr'>contumelias</span> <span class='ocrx_word' id='word_1_445' title='bbox 2080 4208 2160 4276; x_wconf 85' lang='lat' dir='ltr'>lero.</span> <span class='ocrx_word' id='word_1_446' title='bbox 2187 4191 2258 4268; x_wconf 88' lang='lat' dir='ltr'>Scri·</span> 
     </span>
     <span class='ocr_line' id='line_1_39' title="bbox 274 4298 2314 4406; baseline -0.01 -24"><span class='ocrx_word' id='word_1_447' title='bbox 274 4305 503 4382; x_wconf 78' lang='lat' dir='ltr'>ann01557.</span> <span class='ocrx_word' id='word_1_448' title='bbox 1217 4357 1222 4366; x_wconf 80' lang='lat'>-</span> <span class='ocrx_word' id='word_1_449' title='bbox 1313 4308 1365 4398; x_wconf 83' lang='lat' dir='ltr'>psi</span> <span class='ocrx_word' id='word_1_450' title='bbox 1381 4309 1635 4380; x_wconf 83' lang='lat' dir='ltr'>confessionem</span> <span class='ocrx_word' id='word_1_451' title='bbox 1651 4329 1685 4384; x_wconf 88' lang='lat' dir='ltr'>et</span> <span class='ocrx_word' id='word_1_452' title='bbox 1699 4311 1896 4404; x_wconf 84' lang='lat' dir='ltr'>apologiam</span> <span class='ocrx_word' id='word_1_453' title='bbox 1916 4336 2022 4406; x_wconf 74' lang='lat' dir='ltr'>quiam</span> <span class='ocrx_word' id='word_1_454' title='bbox 2037 4310 2151 4380; x_wconf 76' lang='lat' dir='ltr'>cinni.</span> <span class='ocrx_word' id='word_1_455' title='bbox 2182 4298 2258 4369; x_wconf 84' lang='lat' dir='ltr'>Nunc</span> <span class='ocrx_word' id='word_1_456' title='bbox 2313 4311 2314 4328; x_wconf 69' lang='lat'><em>²</em></span> 
     </span>
     <span class='ocr_line' id='line_1_40' title="bbox 362 4401 2259 4505; baseline -0.005 -27"><span class='ocrx_word' id='word_1_457' title='bbox 362 4484 371 4501; x_wconf 57' lang='lat'>‚</span> <span class='ocrx_word' id='word_1_458' title='bbox 411 4409 555 4482; x_wconf 83' lang='lat' dir='ltr'>Vestrae</span> <span class='ocrx_word' id='word_1_459' title='bbox 571 4407 709 4502; x_wconf 85' lang='lat' dir='ltr'>pietatis</span> <span class='ocrx_word' id='word_1_460' title='bbox 725 4407 762 4478; x_wconf 90' lang='lat' dir='ltr'>in</span> <span class='ocrx_word' id='word_1_461' title='bbox 778 4401 935 4474; x_wconf 87' lang='lat' dir='ltr'>Domino</span> <span class='ocrx_word' id='word_1_462' title='bbox 953 4405 1060 4474; x_wconf 82' lang='lat' dir='ltr'>irater</span> <span class='ocrx_word' id='word_1_463' title='bbox 1076 4421 1107 4478; x_wconf 89' lang='lat' dir='ltr'>et</span> <span class='ocrx_word' id='word_1_464' title='bbox 1127 4409 1258 4497; x_wconf 85' lang='lat' dir='ltr'>collega</span> <span class='ocrx_word' id='word_1_465' title='bbox 1311 4412 1355 4479; x_wconf 92' lang='lat' dir='ltr'>de</span> <span class='ocrx_word' id='word_1_466' title='bbox 1369 4412 1528 4482; x_wconf 90' lang='lat' dir='ltr'>tollendo</span> <span class='ocrx_word' id='word_1_467' title='bbox 1542 4424 1665 4483; x_wconf 83' lang='lat' dir='ltr'>atstore</span> <span class='ocrx_word' id='word_1_468' title='bbox 1679 4413 1905 4486; x_wconf 84' lang='lat' dir='ltr'>deliberatur.</span> <span class='ocrx_word' id='word_1_469' title='bbox 1957 4409 2069 4505; x_wconf 88' lang='lat' dir='ltr'>Spero</span> <span class='ocrx_word' id='word_1_470' title='bbox 2084 4431 2137 4478; x_wconf 89' lang='lat' dir='ltr'>me</span> <span class='ocrx_word' id='word_1_471' title='bbox 2152 4403 2259 4472; x_wconf 86' lang='lat' dir='ltr'>discen·</span> 
     </span>
     <span class='ocr_line' id='line_1_41' title="bbox 652 4493 2258 4600; baseline -0.007 -13"><span class='ocrx_word' id='word_1_472' title='bbox 652 4499 1017 4581; x_wconf 65' lang='lat' dir='ltr'>lambientem.</span> <span class='ocrx_word' id='word_1_473' title='bbox 1311 4513 1400 4582; x_wconf 88' lang='lat' dir='ltr'>tium</span> <span class='ocrx_word' id='word_1_474' title='bbox 1420 4513 1566 4594; x_wconf 85' lang='lat' dir='ltr'>studiis,</span> <span class='ocrx_word' id='word_1_475' title='bbox 1591 4511 1658 4582; x_wconf 87' lang='lat' dir='ltr'>deo</span> <span class='ocrx_word' id='word_1_476' title='bbox 1672 4515 1846 4600; x_wconf 83' lang='lat' dir='ltr'>&#39;iuvante,</span> <span class='ocrx_word' id='word_1_477' title='bbox 1870 4503 2007 4586; x_wconf 74' lang='lat' dir='ltr'>btilit&#39;er</span> <span class='ocrx_word' id='word_1_478' title='bbox 2026 4510 2187 4583; x_wconf 85' lang='lat' dir='ltr'>serviisse.</span> <span class='ocrx_word' id='word_1_479' title='bbox 2229 4493 2258 4563; x_wconf 73' lang='lat' dir='ltr'>lt</span> 
     </span>
     <span class='ocr_line' id='line_1_42' title="bbox 1310 4601 2257 4709; baseline -0.014 -26"><span class='ocrx_word' id='word_1_480' title='bbox 1310 4635 1351 4682; x_wconf 90' lang='lat' dir='ltr'>eo</span> <span class='ocrx_word' id='word_1_481' title='bbox 1381 4615 1503 4684; x_wconf 87' lang='lat' dir='ltr'>labore</span> <span class='ocrx_word' id='word_1_482' title='bbox 1531 4637 1672 4709; x_wconf 86' lang='lat' dir='ltr'>semper</span> <span class='ocrx_word' id='word_1_483' title='bbox 1690 4617 1798 4686; x_wconf 83' lang='lat' dir='ltr'>malni</span> <span class='ocrx_word' id='word_1_484' title='bbox 1820 4617 1971 4700; x_wconf 82' lang='lat' dir='ltr'>versari,</span> <span class='ocrx_word' id='word_1_485' title='bbox 2006 4639 2109 4708; x_wconf 61' lang='lat' dir='ltr'>quim</span> <span class='ocrx_word' id='word_1_486' title='bbox 2128 4609 2167 4680; x_wconf 85' lang='lat' dir='ltr'>ad</span> <span class='ocrx_word' id='word_1_487' title='bbox 2189 4601 2257 4670; x_wconf 72' lang='lat' dir='ltr'>rivet</span> 
     </span>
     <span class='ocr_line' id='line_1_43' title="bbox 1309 4709 2257 4812; baseline -0.019 -29"><span class='ocrx_word' id='word_1_488' title='bbox 1309 4715 1547 4788; x_wconf 87' lang='lat' dir='ltr'>conventuum</span> <span class='ocrx_word' id='word_1_489' title='bbox 1561 4719 1736 4803; x_wconf 88' lang='lat' dir='ltr'>accedere,</span> <span class='ocrx_word' id='word_1_490' title='bbox 1764 4717 1799 4786; x_wconf 90' lang='lat' dir='ltr'>in</span> <span class='ocrx_word' id='word_1_491' title='bbox 1816 4718 1946 4812; x_wconf 84' lang='lat' dir='ltr'>quibus</span> <span class='ocrx_word' id='word_1_492' title='bbox 1962 4719 2073 4790; x_wconf 81' lang='lat' dir='ltr'>multa</span> <span class='ocrx_word' id='word_1_493' title='bbox 2085 4709 2187 4788; x_wconf 81' lang='lat' dir='ltr'>tristia</span> <span class='ocrx_word' id='word_1_494' title='bbox 2201 4721 2257 4770; x_wconf 85' lang='lat' dir='ltr'>eer-</span> 
     </span>
     <span class='ocr_line' id='line_1_44' title="bbox 271 4807 2258 4940; baseline -0.01 -43"><span class='ocrx_word' id='word_1_495' title='bbox 271 4811 467 4890; x_wconf 67' lang='grc' dir='ltr'>Νῠιῧῦὖθο</span> <span class='ocrx_word' id='word_1_496' title='bbox 1099 4813 1257 4940; x_wconf 39' lang='lat' dir='ltr'>&amp;Q</span> <span class='ocrx_word' id='word_1_497' title='bbox 1307 4819 1439 4888; x_wconf 67' lang='lat' dir='ltr'>umine</span> <span class='ocrx_word' id='word_1_498' title='bbox 1462 4815 1541 4914; x_wconf 62' lang='grc' dir='ltr'>α’)</span> <span class='ocrx_word' id='word_1_499' title='bbox 1563 4815 1637 4888; x_wconf 90' lang='lat' dir='ltr'>vidi</span> <span class='ocrx_word' id='word_1_500' title='bbox 1661 4831 1697 4892; x_wconf 89' lang='lat' dir='ltr'>et</span> <span class='ocrx_word' id='word_1_501' title='bbox 1717 4819 1880 4892; x_wconf 85' lang='lat' dir='ltr'>sustinui.</span> <span class='ocrx_word' id='word_1_502' title='bbox 1930 4819 1999 4892; x_wconf 86' lang='lat' dir='ltr'>Sed</span> <span class='ocrx_word' id='word_1_503' title='bbox 2025 4807 2258 4890; x_wconf 77' lang='lat' dir='ltr'>filiodeimetl</span> 
     </span>
    </p>
   </div>
   <div class='ocr_carea' id='block_1_9' title="bbox 275 4905 449 4943">
    <p class='ocr_par' dir='ltr' id='par_1_9' title="bbox 275 4905 449 4943">
     <span class='ocr_line' id='line_1_45' title="bbox 275 4905 449 4943; baseline -0.017 0"><span class='ocrx_word' id='word_1_504' title='bbox 275 4905 449 4943; x_wconf 54' lang='grc' dir='ltr'><strong>Μ</strong></span> 
     </span>
    </p>
   </div>
   <div class='ocr_carea' id='block_1_10' title="bbox 467 4993 1179 5101">
    <p class='ocr_par' dir='ltr' id='par_1_10' title="bbox 467 4993 1179 5101">
     <span class='ocr_line' id='line_1_46' title="bbox 467 4993 1179 5101; baseline 0.001 -17"><span class='ocrx_word' id='word_1_505' title='bbox 467 4997 713 5101; x_wconf 75' lang='lat' dir='ltr'>Ioocbimo,</span> <span class='ocrx_word' id='word_1_506' title='bbox 744 4993 822 5084; x_wconf 83' lang='lat' dir='ltr'>Pe.</span> <span class='ocrx_word' id='word_1_507' title='bbox 855 4995 1051 5085; x_wconf 70' lang='lat' dir='ltr'>Asabon.</span> <span class='ocrx_word' id='word_1_508' title='bbox 1173 5040 1179 5050; x_wconf 91' lang='lat'><strong>·</strong></span> 
     </span>
    </p>
   </div>
   <div class='ocr_carea' id='block_1_11' title="bbox 336 5151 1252 5280">
    <p class='ocr_par' dir='ltr' id='par_1_11' title="bbox 336 5151 1252 5280">
     <span class='ocr_line' id='line_1_47' title="bbox 336 5151 1252 5280; baseline 0.001 -66"><span class='ocrx_word' id='word_1_509' title='bbox 336 5157 421 5230; x_wconf 76' lang='lat' dir='ltr'>Epist.</span> <span class='ocrx_word' id='word_1_510' title='bbox 441 5155 491 5212; x_wconf 85' lang='lat' dir='ltr'>lib.</span> <span class='ocrx_word' id='word_1_511' title='bbox 504 5153 550 5212; x_wconf 87' lang='grc' dir='ltr'><strong>ΙΙΙ.</strong></span> <span class='ocrx_word' id='word_1_512' title='bbox 568 5176 594 5228; x_wconf 92' lang='lat' dir='ltr'>p.</span> <span class='ocrx_word' id='word_1_513' title='bbox 608 5153 652 5210; x_wconf 76' lang='grc'>24.</span> <span class='ocrx_word' id='word_1_514' title='bbox 675 5157 730 5280; x_wconf 52' lang='grc' dir='ltr'>ἳιᾶ.</span> <span class='ocrx_word' id='word_1_515' title='bbox 749 5153 838 5212; x_wconf 81' lang='lat' dir='ltr'>Lond.</span> <span class='ocrx_word' id='word_1_516' title='bbox 860 5151 908 5212; x_wconf 82' lang='lat' dir='ltr'>lib.</span> <span class='ocrx_word' id='word_1_517' title='bbox 924 5155 973 5214; x_wconf 95' lang='lat' dir='ltr'>lll.</span> <span class='ocrx_word' id='word_1_518' title='bbox 992 5177 1035 5230; x_wconf 82' lang='lat' dir='ltr'>ep.</span> <span class='ocrx_word' id='word_1_519' title='bbox 1051 5157 1105 5228; x_wconf 80' lang='lat' dir='ltr'>ll.)</span> <span class='ocrx_word' id='word_1_520' title='bbox 1150 5157 1252 5214; x_wconf 81' lang='lat' dir='ltr'>lteram</span> 
     </span>
    </p>
   </div>
   <div class='ocr_carea' id='block_1_12' title="bbox 1036 4700 1254 4718">
    <p class='ocr_par' dir='ltr' id='par_1_12' title="bbox 1036 4700 1254 4718">
     <span class='ocr_line' id='line_1_48' title="bbox 1036 4700 1254 4718; baseline 0 -6"><span class='ocrx_word' id='word_1_521' title='bbox 1036 4700 1254 4718; x_wconf 35' lang='lat' dir='ltr'>&#39;‘⁶⁴⁸‘&#39;ss</span> 
     </span>
    </p>
   </div>
   <div class='ocr_carea' id='block_1_13' title="bbox 1340 5067 2259 5187">
    <p class='ocr_par' dir='ltr' id='par_1_13' title="bbox 1340 5067 2259 5187">
     <span class='ocr_line' id='line_1_49' title="bbox 1340 5067 2259 5187; baseline -0.041 3"><span class='ocrx_word' id='word_1_522' title='bbox 1340 5116 1365 5182; x_wconf 77' lang='lat' dir='ltr'>ll</span> <span class='ocrx_word' id='word_1_523' title='bbox 1384 5112 1544 5179; x_wconf 58' lang='lat' dir='ltr'>&amp;Unde</span> <span class='ocrx_word' id='word_1_524' title='bbox 1570 5113 1625 5170; x_wconf 72' lang='lat' dir='ltr'>Sed</span> <span class='ocrx_word' id='word_1_525' title='bbox 1639 5067 1835 5187; x_wconf 62' lang='lat' dir='ltr'>cieo-upa</span> <span class='ocrx_word' id='word_1_526' title='bbox 1852 5127 1917 5184; x_wconf 77' lang='lat' dir='ltr'>..rs</span> <span class='ocrx_word' id='word_1_527' title='bbox 1936 5109 2019 5181; x_wconf 62' lang='grc' dir='ltr'>Μ.</span> <span class='ocrx_word' id='word_1_528' title='bbox 2035 5109 2104 5180; x_wconf 74' lang='lat' dir='ltr'>sets</span> <span class='ocrx_word' id='word_1_529' title='bbox 2122 5086 2259 5170; x_wconf 70' lang='lat' dir='ltr'>sesses*</span> 
     </span>
    </p>
   </div>
   <div class='ocr_carea' id='block_1_14' title="bbox 367 5189 2031 5355">
    <p class='ocr_par' dir='ltr' id='par_1_14' title="bbox 367 5189 2031 5355">
     <span class='ocr_line' id='line_1_50' title="bbox 367 5189 2031 5355; baseline -0.004 -69"><span class='ocrx_word' id='word_1_530' title='bbox 367 5226 504 5310; x_wconf 69' lang='lat' dir='ltr'>semna</span> <span class='ocrx_word' id='word_1_531' title='bbox 515 5225 614 5298; x_wconf 67' lang='lat' dir='ltr'>rma.</span> <span class='ocrx_word' id='word_1_532' title='bbox 626 5225 694 5302; x_wconf 62' lang='lat' dir='ltr'>nc„</span> <span class='ocrx_word' id='word_1_533' title='bbox 709 5223 812 5285; x_wconf 69' lang='lat' dir='ltr'>mass</span> <span class='ocrx_word' id='word_1_534' title='bbox 823 5225 899 5287; x_wconf 71' lang='lat' dir='ltr'>cca.</span> <span class='ocrx_word' id='word_1_535' title='bbox 911 5225 988 5286; x_wconf 78' lang='lat' dir='ltr'>en.</span> <span class='ocrx_word' id='word_1_536' title='bbox 1005 5227 1102 5300; x_wconf 64' lang='lat' dir='ltr'>pasc</span> <span class='ocrx_word' id='word_1_537' title='bbox 1123 5243 1153 5270; x_wconf 94' lang='lat'>-·</span> <span class='ocrx_word' id='word_1_538' title='bbox 1167 5229 1252 5306; x_wconf 64' lang='lat' dir='ltr'>ap..</span> <span class='ocrx_word' id='word_1_539' title='bbox 1335 5202 1365 5355; x_wconf 54' lang='grc' dir='ltr'><strong><em>Β</em></strong></span> <span class='ocrx_word' id='word_1_540' title='bbox 1381 5189 2031 5353; x_wconf 38' lang='lat' dir='ltr'>{fseptlldgpffimmwm</span> 
     </span>
    </p>
   </div>
   <div class='ocr_carea' id='block_1_15' title="bbox 295 5369 1972 5469">
    <p class='ocr_par' dir='ltr' id='par_1_15' title="bbox 295 5369 1972 5469">
     <span class='ocr_line' id='line_1_51' title="bbox 295 5369 1972 5469; baseline -0.008 -22"><span class='ocrx_word' id='word_1_541' title='bbox 295 5391 398 5462; x_wconf 60' lang='grc' dir='ltr'>Ἧι.</span> <span class='ocrx_word' id='word_1_542' title='bbox 416 5387 446 5446; x_wconf 85' lang='lat' dir='ltr'>irs</span> <span class='ocrx_word' id='word_1_543' title='bbox 467 5393 575 5464; x_wconf 77' lang='lat' dir='ltr'>peries</span> <span class='ocrx_word' id='word_1_544' title='bbox 591 5389 734 5464; x_wconf 85' lang='lat' dir='ltr'>prolapsus</span> <span class='ocrx_word' id='word_1_545' title='bbox 751 5397 800 5448; x_wconf 82' lang='lat' dir='ltr'>cst.</span> <span class='ocrx_word' id='word_1_546' title='bbox 836 5383 898 5446; x_wconf 77' lang='lat' dir='ltr'>Vll.</span> <span class='ocrx_word' id='word_1_547' title='bbox 919 5405 961 5460; x_wconf 81' lang='lat' dir='ltr'>ep.</span> <span class='ocrx_word' id='word_1_548' title='bbox 974 5387 1106 5458; x_wconf 67' lang='lat' dir='ltr'>Monaesi</span> <span class='ocrx_word' id='word_1_549' title='bbox 1124 5389 1192 5446; x_wconf 69' lang='lat' dir='ltr'>dd.</span> <span class='ocrx_word' id='word_1_550' title='bbox 1206 5391 1248 5451; x_wconf 73' lang='lat'>81.</span> <span class='ocrx_word' id='word_1_551' title='bbox 1334 5373 1367 5445; x_wconf 62' lang='grc'>4)</span> <span class='ocrx_word' id='word_1_552' title='bbox 1386 5369 1474 5425; x_wconf 53' lang='lat' dir='ltr'>pud·</span> <span class='ocrx_word' id='word_1_553' title='bbox 1492 5379 1645 5425; x_wconf 62' lang='lat' dir='ltr'>“mmm</span> <span class='ocrx_word' id='word_1_554' title='bbox 1662 5373 1808 5427; x_wconf 55' lang='lat' dir='ltr'>“Mt&#39;‘-</span> <span class='ocrx_word' id='word_1_555' title='bbox 1845 5431 1849 5448; x_wconf 90' lang='grc'>,</span> <span class='ocrx_word' id='word_1_556' title='bbox 1967 5460 1972 5469; x_wconf 38' lang='grc' dir='ltr'>Ι</span> 
     </span>
    </p>
   </div>
   <div class='ocr_carea' id='block_1_16' title="bbox 327 5455 1737 5535">
    <p class='ocr_par' dir='ltr' id='par_1_16' title="bbox 327 5455 1737 5535">
     <span class='ocr_line' id='line_1_52' title="bbox 327 5455 1737 5535; baseline -0.009 -15"><span class='ocrx_word' id='word_1_557' title='bbox 327 5463 404 5535; x_wconf 61' lang='lat' dir='ltr'>arg.</span> <span class='ocrx_word' id='word_1_558' title='bbox 1333 5460 1364 5531; x_wconf 72' lang='grc'>8)</span> <span class='ocrx_word' id='word_1_559' title='bbox 1383 5459 1422 5528; x_wconf 74' lang='lat' dir='ltr'>sl]</span> <span class='ocrx_word' id='word_1_560' title='bbox 1442 5455 1531 5513; x_wconf 75' lang='lat' dir='ltr'>Peaal.</span> <span class='ocrx_word' id='word_1_561' title='bbox 1546 5473 1606 5512; x_wconf 76' lang='lat' dir='ltr'>mn</span> <span class='ocrx_word' id='word_1_562' title='bbox 1621 5455 1715 5510; x_wconf 67' lang='lat' dir='ltr'>Mel.</span> <span class='ocrx_word' id='word_1_563' title='bbox 1734 5468 1737 5481; x_wconf 83' lang='lat'><strong>¹</strong></span> 
     </span>
    </p>
   </div>
   <div class='ocr_carea' id='block_1_17' title="bbox 0 0 2368 6196">
    <p class='ocr_par' dir='ltr' id='par_1_17' title="bbox 0 0 2368 6196">
     <span class='ocr_line' id='line_1_53' title="bbox 0 0 2368 6196; baseline 0 0"><span class='ocrx_word' id='word_1_564' title='bbox 0 0 2368 6196; x_wconf 95' lang='lat' dir='ltr'> </span> 
     </span>
    </p>
   </div>
  </div>
 </body>
</html>
