4718 6176
190 275 241 356 ts
748 261 1187 350 nrtsronanuu
1235 264 1344 386 oss.
1374 267 1478 354 xta
1533 269 1667 353 tosa.
2176 263 2230 345 aa

191 454 323 526 addere
346 447 501 522 infimis
526 461 650 522 contra
675 437 829 522 terrores
853 459 890 520 et
915 447 1106 542 supplicia,
1146 460 1181 518 et
1232 441 1474 542 praedicori')
1496 446 1752 540 poenitentiam
1774 459 1809 517 et
1828 431 2077 518 remissionem
2098 435 2227 534 peecass

193 554 427 650 praesentiam
456 575 561 623 suam
591 547 837 643 multipliciter
865 552 1035 637 declarat3
1076 548 1182 622 sicuti
1233 561 1353 618 totum
1376 547 1416 617 in
1438 549 1586 620 nomine
1608 573 1686 624 sno.
1737 547 1795 620 Ad
1817 544 1914 619 hoec
1929 537 2034 618 amm
2051 546 2229 616 referatur
2350 563 2351 642 t

193 657 299 728 multi
329 655 370 724 io
399 655 486 747 ipsis
509 653 692 747 suppliciis
714 653 914 723 excitarunt
934 665 1115 730 mortuos,
1147 664 1184 722 et
1233 649 1418 736 doctrina,
1455 665 1495 723 ut
1523 665 1680 723 crescant
1701 650 1742 721 in
1761 650 1868 721 nobis
1891 649 2103 738 cogitatione
2124 644 2228 715 verbi

195 761 283 830 alias
303 779 359 827 res
373 757 486 828 miras
507 756 715 826 effecerunt:
744 755 887 826 Deinde
906 755 990 848 qnia
1010 753 1183 826 celsitudo
1234 749 1304 824 Dei
1317 750 1552 838 Pocrritentis,
1575 749 1695 838 Fides,
1722 751 1916 832 invocatio,
1939 749 2039 820 Nova
2052 747 2231 856 obedien-

197 861 397 932 snisoorum
417 859 457 928 in
474 851 552 944 his,
581 857 643 951 qui
659 855 831 948 supplicia
842 856 983 950 placide
999 855 1185 939 sustinent,
1236 853 1295 934 tia,
1321 867 1358 924 et
1370 854 1569 927 celebretur
1582 853 1679 926 Deus
1692 855 1784 925 veris
1798 853 1941 938 officiis,
1959 849 2230 923 inrtadictum:

197 961 353 1032 extendit
366 957 602 1048 Evangeliom
614 959 734 1029 efficax
750 979 824 1028 esse
837 959 876 1028 in
893 958 991 1050 ipsis,
1013 970 1049 1027 et
1065 979 1184 1026 semen
1237 955 1355 1026 Milite
1382 957 1511 1026 bonam
1533 957 1716 1037 militiam,
1744 951 1901 1027 retinens
1920 955 2025 1024 tidem
2042 966 2079 1022 et
2093 953 2228 1020 bonam

199 1085 272 1134 esse
296 1061 382 1146 Dei,
414 1075 457 1132 ut
482 1059 634 1130 loannes
655 1052 835 1146 nominat,
875 1080 947 1156 quo
970 1053 1187 1130 inchoantur
1237 1057 1501 1130 conscientiam.
1551 1056 1634 1128 Nun
1655 1071 1839 1128 struantur
1852 1057 2005 1126 insidiae
2018 1049 2231 1124 hominibus

199 1178 342 1238 aeterna
355 1163 445 1246 vita,
470 1161 604 1232 iustitia
621 1175 656 1230 et
668 1157 812 1232 laetitia.
1219 1159 1410 1229 ‘iactandis
1437 1159 1646 1243 adflatibus,
1687 1171 1728 1231 ut
1745 1182 1851 1250 saepe
1871 1158 2028 1228 vidimus
2051 1149 2118 1225 hnc
2141 1168 2229 1233 arte,
2350 1155 2351 1222 l

300 1260 457 1335 Sextum
472 1259 660 1354 Evangelii
681 1263 924 1334 testimonium
947 1261 985 1332 io
1008 1261 1096 1355 ipsis
1112 1285 1187 1330 rre-
1239 1275 1408 1355 tanqttom
1432 1261 1567 1331 fascino
1588 1261 1760 1353 populum
1784 1263 1829 1332 ab
1852 1258 2106 1352 impostoribus
2124 1257 2232 1326 dece-

200 1365 367 1438 dentibus
396 1365 581 1457 perspicue
610 1363 792 1434 convincit
819 1378 954 1434 mentes
977 1377 1013 1442 et
1033 1377 1186 1456 pectora,
1237 1375 1338 1455 ptum
1357 1383 1442 1436 csse.
1494 1359 1580 1433 ldeo
1598 1361 1713 1435 Filios
1727 1363 1855 1433 missos
1870 1376 1938 1448 est,
1964 1375 2005 1432 ot
2019 1357 2232 1454 promissio-

202 1467 366 1538 vidcliect
386 1467 580 1537 consolatio
602 1489 664 1536 seu
689 1466 838 1550 laetitia,
872 1491 963 1559 quae
984 1465 1189 1536 accenditur
1239 1487 1321 1534 nem
1343 1463 1643 1535 reconciliationis
1658 1487 1821 1536 amanam
1836 1475 1871 1534 et
1888 1464 2046 1554 ignotam
2061 1459 2232 1530 omibus

202 1567 377 1661 aspicito
399 1581 538 1654 sancto,
565 1571 611 1638 dc
632 1590 702 1661 qua
717 1565 850 1637 Paulus
872 1567 1007 1662 inquit:
1039 1563 1189 1657 Accepi·
1240 1567 1409 1637 creaturis
1431 1567 1656 1657 patefaceret,
1681 1581 1716 1639 ct
1739 1561 1805 1636 hac
1820 1567 1940 1637 andita
1956 1565 2043 1634 lidcs
2059 1563 2232 1634 accendo-

202 1670 266 1740 stis
289 1667 481 1761 Spiritum,
513 1693 585 1763 qno
608 1668 819 1750 clamamus,
844 1666 948 1740 Abba
962 1667 1083 1754 Patcr3
1117 1691 1188 1760 quo
1241 1679 1316 1748 tur,
1340 1679 1375 1737 et
1389 1667 1483 1738 Deus
1499 1691 1571 1738 sese
1585 1669 1689 1739 nobis
1706 1667 1959 1753 communicen
1989 1665 2083 1735 sicot
2097 1661 2234 1734 Paulos

204 1771 362 1842 sentiunt
382 1793 420 1840 se
433 1771 472 1840 in
487 1773 623 1856 magnis
638 1769 823 1842 doloribus
841 1773 948 1862 erigi,
974 1771 1036 1864 qni
1052 1783 1190 1839 susten·
1243 1769 1375 1862 inquit:
1409 1767 1514 1838 Fides
1540 1793 1581 1840 ex
1604 1771 1727 1841 andito
1749 1783 1818 1854 est,
1848 1769 1990 1840 auditus
2003 1767 2233 1858 perverbum

203 1887 278 1942 tent
294 1895 331 1942 sc
347 1873 560 1962 cogitatione
573 1867 759 1962 Evangelii
774 1886 808 1942 et
832 1873 1075 1958 invocatione,
1100 1873 1191 1941 sicut
1241 1869 1321 1952 Dei.
1372 1868 1494 1959 Quare
1515 1873 1729 1942 contumelia
1747 1869 1879 1942 Filium
1898 1870 1962 1942 Dei
1981 1867 2172 1948 adiiciunt,
2198 1877 2235 1934 et

203 1972 337 2045 Paulus
357 1973 495 2069 inquit:
527 1971 682 2066 Spiritus
698 1975 895 2067 opitulatur
912 1973 1108 2044 infirmitati
1125 1994 1191 2041 no-
1242 1971 1346 2041 fidem
1361 1985 1395 2040 et
1409 1973 1528 2043 omnia
1543 1975 1707 2044 exercitia
1722 1973 1806 2043 fidei
1822 1973 1954 2046 tollunt
1970 1971 2025 2040 illi
2041 1967 2233 2064 Coryban-

204 2090 307 2148 strae.
1242 2085 1314 2156 tes,
1353 2073 1416 2168 qui
1456 2077 1639 2146 abducunt
1671 2089 1805 2146 mentes
1838 2099 1859 2145 a
1891 2073 2020 2164 scripta
2052 2071 2233 2144 doctriua.

306 2175 403 2248 Haec
422 2176 623 2250 testimonia
641 2199 743 2268 saepe
762 2177 947 2267 cogitanda
966 2189 1067 2262 sunt,
1091 2201 1131 2248 ac
1147 2179 1191 2245 de
1244 2171 1380 2262 Quanti
1411 2176 1550 2246 furores
1574 2177 1685 2249 secuti
1708 2191 1841 2257 essem,
1871 2177 1900 2246 si
1924 2173 2070 2245 remotis
2089 2171 2233 2263 scriptis

205 2285 309 2352 seclo
322 2279 433 2349 simus
447 2279 648 2370 vigilantes,
671 2298 719 2349 ne
735 2279 770 2348 id
789 2279 895 2349 nobis
910 2279 1107 2350 excutiatur
1123 2278 1192 2348 Fa-
1243 2270 1464 2368 Propheticis
1484 2291 1519 2350 et
1534 2275 1749 2370 Apostolicis
1766 2279 1911 2350 cuilibet
1926 2272 2133 2372 hypocritae
2145 2275 2234 2343 lice-

206 2381 404 2452 naticorom
422 2376 608 2450 hominnm
624 2381 840 2472 praestigiis,
864 2393 906 2451 ut
922 2376 1192 2477 AEobnptistuc
1243 2378 1397 2450 rellicta
1418 2382 1560 2450 oracula
1581 2405 1622 2451 ex
1643 2403 1708 2450 suo
1726 2375 1979 2452 Enthusiasmo
2000 2389 2167 2473 tanquam
2189 2375 2229 2443 in

208 2495 242 2554 et
253 2477 553 2580 Stcnckfcldiani
562 2483 668 2552 falsos
683 2483 835 2552 adflatus
850 2483 1001 2568 iactant,
1027 2483 1108 2575 qui,
1132 2505 1192 2551 rc-
1243 2501 1305 2549 sua
1330 2480 1470 2572 tripode
1490 2483 1673 2574 proferre?
1722 2480 1776 2552 Ac
1789 2475 1831 2576 ¹⁰)
1845 2481 1921 2551 eius
1936 2480 1988 2550 rei
2002 2479 2153 2570 exempla
2170 2476 2225 2543 vi-

207 2597 303 2654 moto
326 2581 432 2652 verbo
445 2579 524 2651 Dei
532 2637 542 2667 ,
571 2584 712 2671 lingunt
734 2583 773 2650 in
797 2583 933 2654 otiose
958 2579 1192 2653 haberesuos
1244 2580 1361 2650 dimus
1374 2581 1413 2649 in
1427 2584 1605 2672 tragoedia
1620 2581 1897 2655 Monastcriensi
1912 2596 1946 2653 et
1959 2582 2059 2652 alibi.
2106 2577 2228 2668 Quare

206 2685 377 2776 quosdam
385 2679 669 2768 Enthusiasmos,
693 2697 734 2754 ot
748 2683 904 2776 comperi
917 2684 1041 2754 talium
1060 2685 1192 2752 multu·
1244 2705 1367 2751 omnes
1379 2683 1431 2773 pii
1447 2685 1609 2754 doctores
1622 2697 1656 2755 et
1669 2686 1849 2757 auditores
1865 2696 2068 2755 constanter
2081 2682 2152 2752 illis
2167 2683 2232 2749 de-

207 2805 288 2856 rum
306 2785 509 2870 mendacia,
534 2799 571 2856 et
584 2783 866 2856 Monasteriense
882 2786 1080 2878 exernplom
1097 2786 1192 2854 mul·
1245 2783 1442 2854 liramentis
1456 2788 1636 2856 adversari
1652 2789 1794 2858 debent.

207 2899 324 2956 torum
347 2887 502 2957 ostendit
522 2887 760 2958 eternitatem
776 2901 810 2958 et
825 2888 1009 2960 malitiam.
1060 2886 1193 2958 Scribit
1347 2883 1468 2956 Tuum
1492 2888 1617 2977 igitur,
1648 2883 1770 2968 Patre,
1802 2885 1990 2959 consilinm
2014 2898 2049 2956 et
2070 2883 2231 2955 studium

206 2981 492 3085 Stencksclds‘ns,
515 2985 632 3058 Deum
642 3011 718 3060 sese
730 2990 990 3059 cmnmunicarc
1006 2983 1192 3059 hominum
1244 2985 1370 3070 laudo,
1401 2991 1495 3080 quod
1520 3003 1552 3058 et
1576 2985 1785 3062 adhortator
1799 2993 1890 3060 esad
1910 2989 2095 3059 lectionem
2111 2983 2234 3054 omni-

207 3090 385 3162 anentibus
401 3090 479 3159 sine
494 3089 630 3175 medio,
652 3115 692 3160 ac
703 3091 790 3160 inde
805 3091 1035 3162 ratiocinatur
1048 3090 1193 3160 accendi
1245 3089 1312 3157 bus
1333 3088 1417 3180 piis,
1444 3091 1534 3160 sicut
1550 3089 1681 3163 Paulos
1701 3093 1835 3186 inquit:
1871 3090 1928 3163 Sis
1944 3090 2106 3160 assiduus
2122 3085 2162 3154 in
2180 3085 2233 3154 le-

207 3187 350 3260 divinos
370 3203 487 3262 motus
509 3215 582 3262 non
606 3193 818 3281 cogitatione
837 3192 986 3284 scriptae
1002 3191 1193 3276 doctrinae,
1244 3189 1377 3272 ctione,
1411 3205 1611 3262 monstrans
1637 3195 1731 3263 nam
1754 3195 1798 3264 ad
1822 3193 1980 3286 singulos
1995 3191 2109 3261 libros
2124 3211 2232 3258 mon-

207 3313 282 3361 non
306 3293 504 3363 ministerio
518 3287 724 3384 Evangelii,
756 3297 816 3365 scd
835 3293 1062 3364 simulatione
1080 3293 1192 3364 torvi·
1243 3290 1362 3362 stratis
1392 3295 1618 3383 argumentis.
1676 3294 1820 3367 Utinam
1841 3293 1952 3383 magis
1972 3294 2016 3362 sd
2041 3289 2231 3364 lectionem

208 3393 288 3466 batis
309 3409 344 3464 et
365 3407 525 3484 gestuum
547 3395 755 3484 tragoediis,
788 3397 817 3465 si
838 3394 1011 3466 misceant
1035 3395 1190 3465 sermoni
1244 3407 1279 3464 et
1301 3393 1395 3486 piam
1418 3396 1655 3484 precationem
1676 3397 1883 3468 adsuelieret
1908 3397 2090 3474 iuventus,
2123 3413 2231 3484 wem

206 3497 284 3565 licta
299 3495 447 3588 suspiria
461 3509 495 3567 et
510 3496 679 3567 crocodili
694 3498 855 3566 lacrimas
868 3509 903 3566 et
917 3497 1004 3567 alias
1016 3497 1192 3588 impostu-
1243 3498 1288 3566 ad
1302 3496 1543 3566 cavillationes
1558 3497 1858 3590 disputationum!
1891 3496 1997 3569 Certe
2011 3495 2106 3565 enim
2123 3494 2232 3564 rebus

207 3619 263 3668 ras
277 3609 351 3667 arte
364 3597 557 3672 accersitas.
610 3596 653 3668 ln
669 3599 799 3694 quihus
818 3597 969 3668 maxime
983 3611 1113 3688 augent
1128 3621 1191 3667 au·
1242 3611 1336 3669 recte
1355 3598 1554 3690 explicatis,
1584 3614 1619 3670 et
1638 3623 1712 3670 non
1736 3601 1822 3670 salsa
1838 3595 1877 3694 ²¹)
1903 3595 2094 3670 constituta
2114 3596 2232 3664 tonna

207 3699 403 3769 ctoritatem
429 3701 636 3770 obtrectatio
660 3711 693 3771 ct
715 3703 910 3792 paradoxa,
939 3711 980 3770 ut
997 3695 1190 3770 Sebastia-
1242 3700 1443 3787 doctrinae,
1483 3714 1622 3792 oportet
1654 3702 1935 3794 disputationum
1971 3723 2044 3770 esse
2068 3697 2232 3767 modum.

95 3841 102 3856 ·
208 3821 279 3867 nus
293 3793 467 3870 Francus
484 3801 693 3874 docentibus
709 3801 960 3882 maledicebat,
986 3815 1021 3872 et
1040 3803 1189 3894 college-
1240 3801 1289 3874 Et
1309 3802 1531 3874 verissimum
1553 3817 1605 3874 est
1629 3804 1764 3874 dictum
1783 3797 1829 3878 τὸ
1850 3798 1936 3876 λίαν
1952 3794 2102 3898 ἀκριβὲς
2116 3821 2231 3872 συκο-

114 3979 118 3986 ,
207 3913 263 3971 rat
285 3921 452 3990 magnum
473 3903 639 3974 volumen
654 3904 830 3975 dictorum
845 3898 1138 3994 Propheticorum
1155 3917 1190 3974 et
1241 3895 1387 4000 φύντας
1400 3905 1507 3978 ποιεῖ.

207 4000 516 4093 Apostolicorum,
546 4004 698 4096 quaein
720 4003 871 4096 speciem
895 4029 970 4073 non
994 4027 1188 4095 congruere
1343 4006 1508 4099 Cumque
1540 4005 1710 4100 sapientia
1740 4005 1854 4078 incliti
1883 4004 1991 4098 Regis
2021 4021 2056 4079 et
2084 4006 2230 4098 piorum

206 4105 421 4174 viderentur.
490 4101 577 4173 lude
599 4100 666 4174 hoc
689 4107 890 4190 extruebat,
926 4129 1001 4175 non
1024 4130 1066 4176 ex
1085 4105 1189 4176 litera
1241 4108 1426 4176 doctorum
1449 4107 1488 4174 in
1511 4127 1621 4196 regno
1645 4117 1761 4178 vestro
1780 4109 1965 4198 diligentia
1990 4109 2040 4180 sic
2059 4120 2230 4197 regantur

206 4206 437 4274 iudicandum
459 4225 549 4288 esse,
580 4207 641 4275 sed
657 4205 830 4278 iudicium
845 4229 918 4275 esse
933 4201 1189 4281 Enthosiasmi.
1240 4207 1355 4278 studia
1379 4207 1609 4292 discentium,
1633 4221 1762 4278 utnon
1780 4213 1994 4280 concedatur
2010 4210 2151 4281 licentia
2165 4233 2231 4279 ca-

205 4303 253 4378 Et
267 4319 342 4378 arte
355 4307 393 4375 in
409 4305 594 4397 paradoxis
607 4321 775 4396 spargunt
791 4309 1052 4378 accommodata
1064 4309 1109 4378 ad
1125 4309 1190 4378 ad·
1241 4309 1408 4392 villandi,
1447 4309 1583 4379 utiliter
1621 4312 1822 4381 consulitur
1852 4309 2091 4382 Ecclesiamm
2124 4324 2229 4381 tran-

204 4408 316 4479 iectus
331 4407 428 4497 vulgi
443 4421 478 4479 et
489 4409 533 4477 ad
550 4407 857 4498 amplificationem
870 4409 1044 4484 licentiae.
1095 4407 1189 4481 Sunt
1240 4411 1426 4504 quillitati,
1467 4423 1502 4482 et
1531 4409 1673 4500 ingenia
1707 4413 1753 4481 ad
1780 4412 1987 4482 modestiam
2013 4412 2228 4486 adsuefiunt.

205 4523 240 4578 et
261 4510 321 4601 qni
345 4511 455 4580 libros
473 4507 670 4604 Sibyllinos
695 4509 967 4596 circumierunt,
997 4509 1189 4604 exquibus
1240 4507 1388 4596 Omnia,
1414 4511 1574 4604 quamvis
1593 4524 1686 4582 recte
1702 4514 1829 4584 tradita
1847 4513 2048 4585 labefactari
2065 4528 2227 4604 possunt,

206 4625 352 4681 sumtrnt
372 4612 513 4680 oracula
538 4611 800 4682 accommodata
816 4613 861 4681 ad
878 4633 1001 4681 corum
1018 4611 1188 4696 adlectus,
1239 4614 1268 4683 si
1283 4613 1524 4682 cavillationes
1539 4613 1741 4699 audiantur,
1763 4615 1884 4710 quales
1899 4615 1985 4685 olim
2003 4612 2227 4709 Pyrrhonio-

206 4711 336 4805 ‹puibus
350 4713 593 4783 adsentantur.
623 4709 702 4782 Hoc
716 4733 827 4802 genus
841 4709 1085 4806 Corybantum
1101 4735 1189 4782 con-
1238 4737 1317 4784 mm
1340 4729 1373 4784 et
1390 4710 1684 4784 Academicorum
1705 4717 1860 4788 fuerunt.
1914 4714 1998 4787 ldeo
2018 4717 2225 4806 gravissime

205 4813 432 4882 siderandum
453 4825 521 4897 est,
547 4827 581 4883 et
602 4813 799 4886 firmissime
814 4813 999 4884 retinenda
1017 4827 1067 4882 est
1084 4834 1188 4904 regu-
1238 4813 1371 4885 Paulus
1389 4815 1434 4884 ad
1456 4810 1702 4908 Philippenses
1722 4817 1821 4889 iubet
1844 4819 2026 4888 doctrinae
2039 4813 2225 4890 Cononem

204 4915 255 4982 la:
280 4911 438 4982 Lucerna
459 4915 605 5002 pedibus
619 4915 707 4985 meis
722 4917 868 4986 verbum
885 4927 1003 5004 tuum:
1028 4915 1112 4984 item
1127 4912 1185 4984 Ad
1238 4916 1393 4986 retineri.
1446 4911 1525 4984 Oro
1549 4929 1665 4986 nutem
1680 4915 1814 4990 Filium
1830 4915 1918 5001 Dei,
1946 4917 2140 4993 Domitium
2154 4942 2226 4989 no-

205 5015 316 5101 legem
346 5027 381 5084 et
408 5018 452 5084 ad
475 5015 733 5086 testimonium:
770 5017 855 5089 item
878 5011 1114 5106 Evangelium
1133 5025 1187 5086 est
1237 5031 1349 5087 strum
1369 5015 1484 5086 lesum
1506 5011 1707 5104 Christum,
1739 5030 1835 5091 utet
1854 5033 1969 5092 servet
1992 5031 2025 5092 et
2049 5023 2225 5111 gubernet

203 5116 360 5208 potentin
376 5113 443 5185 Dei
460 5119 503 5183 ad
520 5117 665 5185 salutem
680 5119 779 5188 omni
795 5117 966 5191 credenti.
1014 5115 1088 5187 Nec
1102 5131 1186 5190 suut

202 5219 370 5287 audiendi
403 5218 630 5309 impostores,
669 5218 732 5310 qui
764 5219 1003 5291 vociferantur
1034 5218 1184 5290 adflatus

201 5319 346 5388 aliunde
367 5321 537 5407 petendos
549 5341 622 5388 esse
638 5317 714 5386 sine
729 5320 940 5410 cogltatione
954 5319 1103 5410 scriptae
1117 5319 1180 5388 do·
1269 5275 1733 5429 {fflbfflspffsnzzdffihmgm
1751 5369 1801 5427 pro
1819 5351 1867 5410 g„

199 5421 343 5496 ctrinae.
394 5417 564 5490 'Ponenda
591 5432 642 5492 est
666 5420 870 5545 regulanlilli
889 5419 979 5510 Dei,
1004 5421 1068 5517 qui
1085 5420 1184 5492 iubet
1270 5448 1313 5516 tt)
1333 5445 1408 5500 usu.
1424 5443 1513 5515 satra.

1274 5773 1292 5814 it
