<?xml version="1.0" encoding="UTF-8"?>
<!DOCTYPE html PUBLIC "-//W3C//DTD XHTML 1.0 Transitional//EN"
    "http://www.w3.org/TR/xhtml1/DTD/xhtml1-transitional.dtd">
<html xmlns="http://www.w3.org/1999/xhtml" xml:lang="en" lang="en">
 <head>
  <title>
</title>
<meta http-equiv="Content-Type" content="text/html;charset=utf-8" />
  <meta name='ocr-system' content='tesseract 3.04.00' />
  <meta name='ocr-capabilities' content='ocr_page ocr_carea ocr_par ocr_line ocrx_word'/>
</head>
<body>
  <div class='ocr_page' id='page_1' title='image "./philippimelanth06bindgoog_0375.png"; bbox 0 0 4738 6186; ppageno 0'>
   <div class='ocr_carea' id='block_1_1' title="bbox 97 275 2149 414">
    <p class='ocr_par' dir='ltr' id='par_1_1' title="bbox 97 275 2149 414">
     <span class='ocr_line' id='line_1_1' title="bbox 97 275 2149 414; baseline -0.001 -2"><span class='ocrx_word' id='word_1_1' title='bbox 97 335 169 412; x_wconf 82' lang='lat' dir='ltr'><strong>aas</strong></span> <span class='ocrx_word' id='word_1_2' title='bbox 671 321 1111 410; x_wconf 79' lang='lat' dir='ltr'><strong>nersronaaun</strong></span> <span class='ocrx_word' id='word_1_3' title='bbox 1162 315 1275 404; x_wconf 80' lang='lat' dir='ltr'><strong>ura.</strong></span> <span class='ocrx_word' id='word_1_4' title='bbox 1299 325 1404 410; x_wconf 86' lang='lat' dir='ltr'><strong>xnt.</strong></span> <span class='ocrx_word' id='word_1_5' title='bbox 1458 275 1591 410; x_wconf 82' lang='lat' dir='ltr'><strong>assa.</strong></span> <span class='ocrx_word' id='word_1_6' title='bbox 1703 385 1706 392; x_wconf 80' lang='lat'><strong>.</strong></span> <span class='ocrx_word' id='word_1_7' title='bbox 2074 337 2149 414; x_wconf 83' lang='lat' dir='ltr'><strong>aaa</strong></span> 
     </span>
    </p>
   </div>
   <div class='ocr_carea' id='block_1_2' title="bbox 79 501 2145 4888">
    <p class='ocr_par' dir='ltr' id='par_1_2' title="bbox 79 501 2145 4888">
     <span class='ocr_line' id='line_1_2' title="bbox 102 501 2145 606; baseline -0.001 -23"><span class='ocrx_word' id='word_1_8' title='bbox 102 512 304 606; x_wconf 77' lang='lat' dir='ltr'>quaerimus</span> <span class='ocrx_word' id='word_1_9' title='bbox 323 523 365 582; x_wconf 92' lang='lat' dir='ltr'><strong>nt</strong></span> <span class='ocrx_word' id='word_1_10' title='bbox 380 508 549 594; x_wconf 89' lang='lat' dir='ltr'><strong>delectet,</strong></span> <span class='ocrx_word' id='word_1_11' title='bbox 584 507 644 578; x_wconf 91' lang='lat' dir='ltr'><strong>sed</strong></span> <span class='ocrx_word' id='word_1_12' title='bbox 669 507 856 601; x_wconf 91' lang='lat' dir='ltr'><strong>querimur</strong></span> <span class='ocrx_word' id='word_1_13' title='bbox 870 505 967 600; x_wconf 92' lang='lat' dir='ltr'><strong>quod</strong></span> <span class='ocrx_word' id='word_1_14' title='bbox 984 503 1099 575; x_wconf 85' lang='lat' dir='ltr'><strong>offen·</strong></span> <span class='ocrx_word' id='word_1_15' title='bbox 1150 501 1323 592; x_wconf 77' lang='lat' dir='ltr'><strong>pientiam</strong></span> <span class='ocrx_word' id='word_1_16' title='bbox 1355 503 1401 575; x_wconf 90' lang='lat' dir='ltr'><strong>ab</strong></span> <span class='ocrx_word' id='word_1_17' title='bbox 1431 503 1652 601; x_wconf 79' lang='lat' dir='ltr'><strong>eloquentia,</strong></span> <span class='ocrx_word' id='word_1_18' title='bbox 1692 505 1930 580; x_wconf 87' lang='lat' dir='ltr'><strong>abiunxcrunt</strong></span> <span class='ocrx_word' id='word_1_19' title='bbox 1958 507 2145 598; x_wconf 86' lang='lat' dir='ltr'><strong>Historici,</strong></span> 
     </span>
     <span class='ocr_line' id='line_1_3' title="bbox 98 599 2142 704; baseline -0.002 -19"><span class='ocrx_word' id='word_1_20' title='bbox 98 618 161 686; x_wconf 87' lang='lat' dir='ltr'><strong>dit.</strong></span> <span class='ocrx_word' id='word_1_21' title='bbox 202 615 302 684; x_wconf 89' lang='lat' dir='ltr'><strong>Bene</strong></span> <span class='ocrx_word' id='word_1_22' title='bbox 318 609 444 696; x_wconf 91' lang='lat' dir='ltr'><strong>habet,</strong></span> <span class='ocrx_word' id='word_1_23' title='bbox 469 611 539 680; x_wconf 90' lang='lat' dir='ltr'><strong>iam</strong></span> <span class='ocrx_word' id='word_1_24' title='bbox 556 609 691 680; x_wconf 88' lang='lat' dir='ltr'><strong>scilicet</strong></span> <span class='ocrx_word' id='word_1_25' title='bbox 709 611 750 678; x_wconf 93' lang='lat' dir='ltr'><strong>ad</strong></span> <span class='ocrx_word' id='word_1_26' title='bbox 769 633 835 680; x_wconf 93' lang='lat' dir='ltr'><strong>nos</strong></span> <span class='ocrx_word' id='word_1_27' title='bbox 852 608 996 681; x_wconf 78' lang='lat' dir='ltr'><strong>delicis.¹</strong></span> <span class='ocrx_word' id='word_1_28' title='bbox 1025 606 1095 676; x_wconf 88' lang='lat' dir='ltr'><strong>Sed</strong></span> <span class='ocrx_word' id='word_1_29' title='bbox 1149 599 1344 690; x_wconf 81' lang='lat' dir='ltr'><strong>libatores,</strong></span> <span class='ocrx_word' id='word_1_30' title='bbox 1390 605 1537 694; x_wconf 76' lang='lat' dir='ltr'><strong>Poetae,</strong></span> <span class='ocrx_word' id='word_1_31' title='bbox 1583 613 1677 704; x_wconf 91' lang='lat' dir='ltr'><strong>quod</strong></span> <span class='ocrx_word' id='word_1_32' title='bbox 1721 613 1827 684; x_wconf 85' lang='lat' dir='ltr'><strong>delict</strong></span> <span class='ocrx_word' id='word_1_33' title='bbox 1867 605 2142 694; x_wconf 72' lang='lat' dir='ltr'><strong>Philostratus,</strong></span> 
     </span>
     <span class='ocr_line' id='line_1_4' title="bbox 98 703 2141 807; baseline -0.001 -20"><span class='ocrx_word' id='word_1_34' title='bbox 98 718 223 788; x_wconf 89' lang='lat' dir='ltr'><strong>amabo</strong></span> <span class='ocrx_word' id='word_1_35' title='bbox 256 735 524 804; x_wconf 76' lang='lat' dir='ltr'>cognoscamus,</span> <span class='ocrx_word' id='word_1_36' title='bbox 565 737 655 807; x_wconf 91' lang='lat' dir='ltr'><strong>qnae</strong></span> <span class='ocrx_word' id='word_1_37' title='bbox 678 713 784 780; x_wconf 77' lang='lat' dir='ltr'><strong>istaec</strong></span> <span class='ocrx_word' id='word_1_38' title='bbox 812 711 858 782; x_wconf 90' lang='lat' dir='ltr'><strong>sit</strong></span> <span class='ocrx_word' id='word_1_39' title='bbox 880 703 1094 789; x_wconf 77' lang='lat' dir='ltr'><strong>Latinitas,</strong></span> <span class='ocrx_word' id='word_1_40' title='bbox 1149 707 1622 802; x_wconf 89' lang='lat' dir='ltr'><strong>eloquentiamasapicntia.</strong></span> <span class='ocrx_word' id='word_1_41' title='bbox 1663 711 1983 798; x_wconf 89' lang='lat' dir='ltr'><strong>Hostuvicturos,</strong></span> <span class='ocrx_word' id='word_1_42' title='bbox 2010 715 2141 784; x_wconf 84' lang='lat' dir='ltr'><strong>celebri</strong></span> 
     </span>
     <span class='ocr_line' id='line_1_5' title="bbox 99 807 2140 914; baseline -0 -27"><span class='ocrx_word' id='word_1_43' title='bbox 99 845 202 914; x_wconf 91' lang='lat' dir='ltr'><strong>quam</strong></span> <span class='ocrx_word' id='word_1_44' title='bbox 226 818 339 888; x_wconf 91' lang='lat' dir='ltr'><strong>solam</strong></span> <span class='ocrx_word' id='word_1_45' title='bbox 363 817 480 886; x_wconf 91' lang='lat' dir='ltr'><strong>dicitis</strong></span> <span class='ocrx_word' id='word_1_46' title='bbox 503 816 631 884; x_wconf 86' lang='lat' dir='ltr'><strong>debere</strong></span> <span class='ocrx_word' id='word_1_47' title='bbox 660 808 918 904; x_wconf 86' lang='lat' dir='ltr'><strong>Philosophus,</strong></span> <span class='ocrx_word' id='word_1_48' title='bbox 958 824 993 882; x_wconf 90' lang='lat' dir='ltr'><strong>et</strong></span> <span class='ocrx_word' id='word_1_49' title='bbox 1019 835 1094 880; x_wconf 92' lang='lat' dir='ltr'><strong>non</strong></span> <span class='ocrx_word' id='word_1_50' title='bbox 1146 807 1239 878; x_wconf 85' lang='lat' dir='ltr'><strong>sama</strong></span> <span class='ocrx_word' id='word_1_51' title='bbox 1264 810 1413 880; x_wconf 89' lang='lat' dir='ltr'><strong>minime</strong></span> <span class='ocrx_word' id='word_1_52' title='bbox 1435 813 1592 884; x_wconf 89' lang='lat' dir='ltr'><strong>dubitas:</strong></span> <span class='ocrx_word' id='word_1_53' title='bbox 1625 815 1708 886; x_wconf 91' lang='lat' dir='ltr'><strong>illos</strong></span> <span class='ocrx_word' id='word_1_54' title='bbox 1731 841 1805 888; x_wconf 92' lang='lat' dir='ltr'><strong>non</strong></span> <span class='ocrx_word' id='word_1_55' title='bbox 1830 817 1899 886; x_wconf 94' lang='lat' dir='ltr'><strong>nisi</strong></span> <span class='ocrx_word' id='word_1_56' title='bbox 1920 819 1959 887; x_wconf 94' lang='lat' dir='ltr'><strong>in</strong></span> <span class='ocrx_word' id='word_1_57' title='bbox 1990 841 2140 910; x_wconf 90' lang='lat' dir='ltr'><strong>poenam</strong></span> 
     </span>
     <span class='ocr_line' id='line_1_6' title="bbox 96 911 2141 1016; baseline -0.001 -27"><span class='ocrx_word' id='word_1_58' title='bbox 96 921 315 1016; x_wconf 91' lang='lat' dir='ltr'><strong>persolvere,</strong></span> <span class='ocrx_word' id='word_1_59' title='bbox 348 921 376 988; x_wconf 92' lang='lat' dir='ltr'><strong>si</strong></span> <span class='ocrx_word' id='word_1_60' title='bbox 396 918 736 989; x_wconf 89' lang='lat' dir='ltr'><strong>dicendoincnrrat.</strong></span> <span class='ocrx_word' id='word_1_61' title='bbox 788 911 952 1010; x_wconf 75' lang='lat' dir='ltr'><strong>Exempli</strong></span> <span class='ocrx_word' id='word_1_62' title='bbox 978 937 1094 1000; x_wconf 89' lang='lat' dir='ltr'><strong>cansa,</strong></span> <span class='ocrx_word' id='word_1_63' title='bbox 1146 912 1466 1000; x_wconf 88' lang='lat' dir='ltr'><strong>etcontumeliam;</strong></span> <span class='ocrx_word' id='word_1_64' title='bbox 1500 916 1681 1010; x_wconf 89' lang='lat' dir='ltr'><strong>videquid</strong></span> <span class='ocrx_word' id='word_1_65' title='bbox 1701 942 1798 1008; x_wconf 90' lang='lat' dir='ltr'><strong>agas,</strong></span> <span class='ocrx_word' id='word_1_66' title='bbox 1832 920 2038 990; x_wconf 82' lang='lat' dir='ltr'><strong>indisertam</strong></span> <span class='ocrx_word' id='word_1_67' title='bbox 2064 945 2141 990; x_wconf 90' lang='lat' dir='ltr'><strong>rna-</strong></span> 
     </span>
     <span class='ocr_line' id='line_1_7' title="bbox 98 1003 2140 1116; baseline -0.002 -20"><span class='ocrx_word' id='word_1_68' title='bbox 98 1025 207 1096; x_wconf 87' lang='lat' dir='ltr'><strong>asole</strong></span> <span class='ocrx_word' id='word_1_69' title='bbox 222 1018 403 1094; x_wconf 88' lang='lat' dir='ltr'><strong>hominem</strong></span> <span class='ocrx_word' id='word_1_70' title='bbox 421 1021 589 1111; x_wconf 79' lang='lat' dir='ltr'><strong>produci,</strong></span> <span class='ocrx_word' id='word_1_71' title='bbox 615 1018 751 1086; x_wconf 90' lang='lat' dir='ltr'><strong>causari</strong></span> <span class='ocrx_word' id='word_1_72' title='bbox 762 1011 943 1087; x_wconf 88' lang='lat' dir='ltr'><strong>hominem</strong></span> <span class='ocrx_word' id='word_1_73' title='bbox 955 1031 1094 1085; x_wconf 88' lang='lat' dir='ltr'><strong>nostra·</strong></span> <span class='ocrx_word' id='word_1_74' title='bbox 1146 1013 1223 1082; x_wconf 83' lang='lat' dir='ltr'><strong>vtrlt</strong></span> <span class='ocrx_word' id='word_1_75' title='bbox 1237 1003 1365 1084; x_wconf 86' lang='lat' dir='ltr'><strong>Cicero</strong></span> <span class='ocrx_word' id='word_1_76' title='bbox 1381 1018 1625 1106; x_wconf 85' lang='lat' dir='ltr'><strong>prudentiam,</strong></span> <span class='ocrx_word' id='word_1_77' title='bbox 1656 1045 1760 1114; x_wconf 88' lang='lat' dir='ltr'><strong>quarn</strong></span> <span class='ocrx_word' id='word_1_78' title='bbox 1779 1021 1921 1090; x_wconf 86' lang='lat' dir='ltr'><strong>stultam</strong></span> <span class='ocrx_word' id='word_1_79' title='bbox 1944 1023 2140 1116; x_wconf 89' lang='lat' dir='ltr'><strong>loquacita-</strong></span> 
     </span>
     <span class='ocr_line' id='line_1_8' title="bbox 99 1111 2138 1220; baseline -0.003 -20"><span class='ocrx_word' id='word_1_80' title='bbox 99 1127 299 1200; x_wconf 90' lang='lat' dir='ltr'><strong>tcsdicunt.</strong></span> <span class='ocrx_word' id='word_1_81' title='bbox 350 1123 723 1204; x_wconf 89' lang='lat' dir='ltr'><strong>Clamabisactutum‚</strong></span> <span class='ocrx_word' id='word_1_82' title='bbox 748 1115 919 1189; x_wconf 89' lang='lat' dir='ltr'><strong>Hacnan</strong></span> <span class='ocrx_word' id='word_1_83' title='bbox 940 1111 1093 1188; x_wconf 82' lang='lat' dir='ltr'><strong>estLa-</strong></span> <span class='ocrx_word' id='word_1_84' title='bbox 1146 1127 1227 1189; x_wconf 88' lang='lat' dir='ltr'><strong>tem.</strong></span> <span class='ocrx_word' id='word_1_85' title='bbox 1287 1115 1369 1186; x_wconf 89' lang='lat' dir='ltr'><strong>Non</strong></span> <span class='ocrx_word' id='word_1_86' title='bbox 1400 1119 1605 1220; x_wconf 72' lang='lat' dir='ltr'><strong>quaerimuq</strong></span> <span class='ocrx_word' id='word_1_87' title='bbox 1632 1120 1671 1190; x_wconf 94' lang='lat' dir='ltr'><strong>in</strong></span> <span class='ocrx_word' id='word_1_88' title='bbox 1698 1123 1868 1214; x_wconf 85' lang='lat' dir='ltr'><strong>pecunia,</strong></span> <span class='ocrx_word' id='word_1_89' title='bbox 1904 1149 1972 1218; x_wconf 89' lang='lat' dir='ltr'><strong>qua</strong></span> <span class='ocrx_word' id='word_1_90' title='bbox 1997 1141 2138 1194; x_wconf 89' lang='lat' dir='ltr'><strong>moneta</strong></span> 
     </span>
     <span class='ocr_line' id='line_1_9' title="bbox 97 1216 2139 1319; baseline -0 -21"><span class='ocrx_word' id='word_1_91' title='bbox 97 1227 232 1314; x_wconf 83' lang='lat' dir='ltr'><strong>tinum3</strong></span> <span class='ocrx_word' id='word_1_92' title='bbox 261 1223 330 1296; x_wconf 90' lang='lat' dir='ltr'><strong>hnc</strong></span> <span class='ocrx_word' id='word_1_93' title='bbox 344 1249 562 1319; x_wconf 83' lang='lat' dir='ltr'><strong>usquevere:</strong></span> <span class='ocrx_word' id='word_1_94' title='bbox 589 1217 680 1295; x_wconf 94' lang='lat' dir='ltr'><strong>Non</strong></span> <span class='ocrx_word' id='word_1_95' title='bbox 695 1216 928 1292; x_wconf 85' lang='lat' dir='ltr'><strong>estRomane</strong></span> <span class='ocrx_word' id='word_1_96' title='bbox 943 1217 1092 1307; x_wconf 85' lang='lat' dir='ltr'><strong>dictum,</strong></span> <span class='ocrx_word' id='word_1_97' title='bbox 1146 1241 1308 1308; x_wconf 89' lang='lat' dir='ltr'><strong>percussa</strong></span> <span class='ocrx_word' id='word_1_98' title='bbox 1340 1217 1403 1306; x_wconf 90' lang='lat' dir='ltr'><strong>sit,</strong></span> <span class='ocrx_word' id='word_1_99' title='bbox 1438 1221 1498 1290; x_wconf 92' lang='lat' dir='ltr'><strong>scd</strong></span> <span class='ocrx_word' id='word_1_100' title='bbox 1525 1247 1594 1316; x_wconf 93' lang='lat' dir='ltr'><strong>qua</strong></span> <span class='ocrx_word' id='word_1_101' title='bbox 1615 1225 1761 1296; x_wconf 88' lang='lat' dir='ltr'><strong>materia</strong></span> <span class='ocrx_word' id='word_1_102' title='bbox 1788 1240 1932 1297; x_wconf 90' lang='lat' dir='ltr'><strong>constet.</strong></span> <span class='ocrx_word' id='word_1_103' title='bbox 1989 1223 2062 1296; x_wconf 87' lang='lat' dir='ltr'><strong>Nec</strong></span> <span class='ocrx_word' id='word_1_104' title='bbox 2087 1241 2139 1298; x_wconf 87' lang='lat' dir='ltr'><strong>est</strong></span> 
     </span>
     <span class='ocr_line' id='line_1_10' title="bbox 98 1319 2139 1419; baseline -0.001 -18"><span class='ocrx_word' id='word_1_105' title='bbox 98 1329 267 1402; x_wconf 90' lang='lat' dir='ltr'><strong>hocvero</strong></span> <span class='ocrx_word' id='word_1_106' title='bbox 286 1328 419 1412; x_wconf 87' lang='lat' dir='ltr'><strong>verius,</strong></span> <span class='ocrx_word' id='word_1_107' title='bbox 453 1325 571 1419; x_wconf 80' lang='lat' dir='ltr'><strong>igitar</strong></span> <span class='ocrx_word' id='word_1_108' title='bbox 594 1347 667 1394; x_wconf 93' lang='lat' dir='ltr'><strong>non</strong></span> <span class='ocrx_word' id='word_1_109' title='bbox 693 1331 791 1398; x_wconf 83' lang='lat' dir='ltr'><strong>reete.</strong></span> <span class='ocrx_word' id='word_1_110' title='bbox 841 1321 1091 1413; x_wconf 86' lang='lat' dir='ltr'><strong>Peccatargu-</strong></span> <span class='ocrx_word' id='word_1_111' title='bbox 1145 1319 1207 1411; x_wconf 92' lang='lat' dir='ltr'><strong>qui</strong></span> <span class='ocrx_word' id='word_1_112' title='bbox 1224 1345 1353 1411; x_wconf 90' lang='lat' dir='ltr'><strong>purum</strong></span> <span class='ocrx_word' id='word_1_113' title='bbox 1370 1343 1496 1393; x_wconf 88' lang='lat' dir='ltr'><strong>aurum</strong></span> <span class='ocrx_word' id='word_1_114' title='bbox 1514 1347 1588 1393; x_wconf 92' lang='lat' dir='ltr'><strong>non</strong></span> <span class='ocrx_word' id='word_1_115' title='bbox 1602 1325 1703 1396; x_wconf 89' lang='lat' dir='ltr'><strong>malit</strong></span> <span class='ocrx_word' id='word_1_116' title='bbox 1718 1321 1850 1397; x_wconf 88' lang='lat' dir='ltr'><strong>babere</strong></span> <span class='ocrx_word' id='word_1_117' title='bbox 1865 1331 1931 1398; x_wconf 92' lang='lat' dir='ltr'><strong>snb</strong></span> <span class='ocrx_word' id='word_1_118' title='bbox 1948 1321 2139 1398; x_wconf 87' lang='lat' dir='ltr'><strong>notaTeu-</strong></span> 
     </span>
     <span class='ocr_line' id='line_1_11' title="bbox 97 1419 2139 1525; baseline 0 -22"><span class='ocrx_word' id='word_1_119' title='bbox 97 1446 270 1505; x_wconf 88' lang='lat' dir='ltr'><strong>mentum.</strong></span> <span class='ocrx_word' id='word_1_120' title='bbox 330 1427 434 1500; x_wconf 84' lang='lat' dir='ltr'><strong>Dicet</strong></span> <span class='ocrx_word' id='word_1_121' title='bbox 458 1426 585 1498; x_wconf 88' lang='lat' dir='ltr'><strong>Arabs</strong></span> <span class='ocrx_word' id='word_1_122' title='bbox 606 1431 754 1497; x_wconf 87' lang='lat' dir='ltr'><strong>eandem</strong></span> <span class='ocrx_word' id='word_1_123' title='bbox 781 1449 873 1512; x_wconf 90' lang='lat' dir='ltr'><strong>rem,</strong></span> <span class='ocrx_word' id='word_1_124' title='bbox 906 1426 998 1498; x_wconf 89' lang='lat' dir='ltr'><strong>dicet</strong></span> <span class='ocrx_word' id='word_1_125' title='bbox 1021 1419 1093 1494; x_wconf 66' lang='lat' dir='ltr'><strong>Aa</strong></span> <span class='ocrx_word' id='word_1_126' title='bbox 1145 1428 1292 1505; x_wconf 89' lang='lat' dir='ltr'><strong>tonum,</strong></span> <span class='ocrx_word' id='word_1_127' title='bbox 1325 1447 1431 1516; x_wconf 90' lang='lat' dir='ltr'><strong>quarn</strong></span> <span class='ocrx_word' id='word_1_128' title='bbox 1463 1427 1529 1494; x_wconf 90' lang='lat' dir='ltr'><strong>snb</strong></span> <span class='ocrx_word' id='word_1_129' title='bbox 1549 1419 1726 1498; x_wconf 84' lang='lat' dir='ltr'><strong>Romana</strong></span> <span class='ocrx_word' id='word_1_130' title='bbox 1760 1431 1922 1525; x_wconf 89' lang='lat' dir='ltr'><strong>symbolo</strong></span> <span class='ocrx_word' id='word_1_131' title='bbox 1952 1431 2139 1504; x_wconf 82' lang='lat' dir='ltr'><strong>factitium.</strong></span> 
     </span>
     <span class='ocr_line' id='line_1_12' title="bbox 96 1521 2140 1630; baseline -0.001 -28"><span class='ocrx_word' id='word_1_132' title='bbox 96 1533 269 1630; x_wconf 77' lang='lat' dir='ltr'><strong>gyptius,</strong></span> <span class='ocrx_word' id='word_1_133' title='bbox 308 1555 383 1600; x_wconf 90' lang='lat' dir='ltr'><strong>nou</strong></span> <span class='ocrx_word' id='word_1_134' title='bbox 413 1531 532 1601; x_wconf 89' lang='lat' dir='ltr'><strong>dicent</strong></span> <span class='ocrx_word' id='word_1_135' title='bbox 553 1524 713 1610; x_wconf 82' lang='lat' dir='ltr'><strong>Latiae,</strong></span> <span class='ocrx_word' id='word_1_136' title='bbox 748 1530 808 1598; x_wconf 90' lang='lat' dir='ltr'><strong>scd</strong></span> <span class='ocrx_word' id='word_1_137' title='bbox 836 1541 952 1597; x_wconf 91' lang='lat' dir='ltr'><strong>tamen</strong></span> <span class='ocrx_word' id='word_1_138' title='bbox 980 1541 1092 1598; x_wconf 80' lang='lat' dir='ltr'><strong>recte:</strong></span> <span class='ocrx_word' id='word_1_139' title='bbox 1144 1521 1295 1596; x_wconf 88' lang='lat' dir='ltr'><strong>Peccant</strong></span> <span class='ocrx_word' id='word_1_140' title='bbox 1323 1525 1385 1620; x_wconf 90' lang='lat' dir='ltr'><strong>qui</strong></span> <span class='ocrx_word' id='word_1_141' title='bbox 1413 1527 1599 1600; x_wconf 84' lang='lat' dir='ltr'><strong>dissidium</strong></span> <span class='ocrx_word' id='word_1_142' title='bbox 1621 1533 1738 1601; x_wconf 89' lang='lat' dir='ltr'><strong>cordis</strong></span> <span class='ocrx_word' id='word_1_143' title='bbox 1766 1546 1799 1604; x_wconf 87' lang='lat' dir='ltr'><strong>et</strong></span> <span class='ocrx_word' id='word_1_144' title='bbox 1825 1533 1967 1624; x_wconf 89' lang='lat' dir='ltr'><strong>linguae</strong></span> <span class='ocrx_word' id='word_1_145' title='bbox 1992 1533 2140 1618; x_wconf 88' lang='lat' dir='ltr'><strong>faciunt,</strong></span> 
     </span>
     <span class='ocr_line' id='line_1_13' title="bbox 97 1627 2138 1724; baseline -0.001 -17"><span class='ocrx_word' id='word_1_146' title='bbox 97 1635 287 1708; x_wconf 87' lang='lat' dir='ltr'><strong>Autenim</strong></span> <span class='ocrx_word' id='word_1_147' title='bbox 313 1633 460 1702; x_wconf 89' lang='lat' dir='ltr'><strong>nomina</strong></span> <span class='ocrx_word' id='word_1_148' title='bbox 489 1657 609 1703; x_wconf 89' lang='lat' dir='ltr'><strong>rerum</strong></span> <span class='ocrx_word' id='word_1_149' title='bbox 634 1632 782 1702; x_wconf 91' lang='lat' dir='ltr'><strong>arbitrio</strong></span> <span class='ocrx_word' id='word_1_150' title='bbox 812 1642 993 1716; x_wconf 84' lang='lat' dir='ltr'><strong>constant,</strong></span> <span class='ocrx_word' id='word_1_151' title='bbox 1031 1643 1092 1700; x_wconf 89' lang='lat' dir='ltr'><strong>aut</strong></span> <span class='ocrx_word' id='word_1_152' title='bbox 1145 1627 1203 1694; x_wconf 89' lang='lat' dir='ltr'><strong>sed</strong></span> <span class='ocrx_word' id='word_1_153' title='bbox 1229 1627 1315 1721; x_wconf 91' lang='lat' dir='ltr'><strong>quid</strong></span> <span class='ocrx_word' id='word_1_154' title='bbox 1341 1631 1507 1700; x_wconf 82' lang='lat' dir='ltr'><strong>excordes</strong></span> <span class='ocrx_word' id='word_1_155' title='bbox 1530 1645 1604 1703; x_wconf 89' lang='lat' dir='ltr'><strong>tota</strong></span> <span class='ocrx_word' id='word_1_156' title='bbox 1627 1648 1711 1704; x_wconf 89' lang='lat' dir='ltr'><strong>sunt</strong></span> <span class='ocrx_word' id='word_1_157' title='bbox 1733 1633 1873 1724; x_wconf 89' lang='lat' dir='ltr'><strong>lingua,</strong></span> <span class='ocrx_word' id='word_1_158' title='bbox 1907 1659 2028 1704; x_wconf 90' lang='lat' dir='ltr'><strong>nonne</strong></span> <span class='ocrx_word' id='word_1_159' title='bbox 2055 1647 2138 1705; x_wconf 91' lang='lat' dir='ltr'><strong>sunt</strong></span> 
     </span>
     <span class='ocr_line' id='line_1_14' title="bbox 95 1723 2137 1827; baseline -0 -19"><span class='ocrx_word' id='word_1_160' title='bbox 95 1755 243 1822; x_wconf 89' lang='lat' dir='ltr'><strong>natura,</strong></span> <span class='ocrx_word' id='word_1_161' title='bbox 267 1737 296 1804; x_wconf 91' lang='lat' dir='ltr'><strong>si</strong></span> <span class='ocrx_word' id='word_1_162' title='bbox 313 1737 460 1806; x_wconf 81' lang='lat' dir='ltr'><strong>fortuito</strong></span> <span class='ocrx_word' id='word_1_163' title='bbox 476 1735 613 1825; x_wconf 94' lang='lat' dir='ltr'><strong>positu,</strong></span> <span class='ocrx_word' id='word_1_164' title='bbox 639 1748 678 1804; x_wconf 89' lang='lat' dir='ltr'><strong>ut</strong></span> <span class='ocrx_word' id='word_1_165' title='bbox 694 1735 826 1804; x_wconf 88' lang='lat' dir='ltr'><strong>scilicet</strong></span> <span class='ocrx_word' id='word_1_166' title='bbox 840 1733 1091 1803; x_wconf 87' lang='lat' dir='ltr'><strong>communione</strong></span> <span class='ocrx_word' id='word_1_167' title='bbox 1144 1751 1241 1798; x_wconf 88' lang='lat' dir='ltr'><strong>mera</strong></span> <span class='ocrx_word' id='word_1_168' title='bbox 1258 1727 1317 1824; x_wconf 92' lang='lat' dir='ltr'><strong>(ut</strong></span> <span class='ocrx_word' id='word_1_169' title='bbox 1331 1730 1380 1800; x_wconf 90' lang='lat' dir='ltr'><strong>ait</strong></span> <span class='ocrx_word' id='word_1_170' title='bbox 1396 1723 1510 1827; x_wconf 92' lang='lat' dir='ltr'><strong>Cato)</strong></span> <span class='ocrx_word' id='word_1_171' title='bbox 1528 1737 1737 1822; x_wconf 85' lang='lat' dir='ltr'><strong>mortuaria,</strong></span> <span class='ocrx_word' id='word_1_172' title='bbox 1763 1737 1955 1826; x_wconf 83' lang='lat' dir='ltr'><strong>glossaria?</strong></span> <span class='ocrx_word' id='word_1_173' title='bbox 2008 1735 2137 1806; x_wconf 88' lang='lat' dir='ltr'><strong>Vivere</strong></span> 
     </span>
     <span class='ocr_line' id='line_1_15' title="bbox 95 1829 2136 1927; baseline -0.001 -17"><span class='ocrx_word' id='word_1_174' title='bbox 95 1837 284 1910; x_wconf 84' lang='lat' dir='ltr'><strong>bominum</strong></span> <span class='ocrx_word' id='word_1_175' title='bbox 300 1839 338 1906; x_wconf 92' lang='lat' dir='ltr'><strong>in</strong></span> <span class='ocrx_word' id='word_1_176' title='bbox 355 1840 502 1908; x_wconf 90' lang='lat' dir='ltr'><strong>candem</strong></span> <span class='ocrx_word' id='word_1_177' title='bbox 516 1837 724 1908; x_wconf 83' lang='lat' dir='ltr'><strong>sententiam</strong></span> <span class='ocrx_word' id='word_1_178' title='bbox 742 1835 994 1920; x_wconf 87' lang='lat' dir='ltr'><strong>conveniente,</strong></span> <span class='ocrx_word' id='word_1_179' title='bbox 1012 1855 1090 1927; x_wconf 78' lang='lat' dir='ltr'><strong>¹quo</strong></span> <span class='ocrx_word' id='word_1_180' title='bbox 1144 1829 1221 1898; x_wconf 74' lang='lat' dir='ltr'><strong>sine</strong></span> <span class='ocrx_word' id='word_1_181' title='bbox 1241 1831 1362 1921; x_wconf 84' lang='lat' dir='ltr'><strong>lingua</strong></span> <span class='ocrx_word' id='word_1_182' title='bbox 1386 1857 1592 1924; x_wconf 90' lang='lat' dir='ltr'><strong>possumus,</strong></span> <span class='ocrx_word' id='word_1_183' title='bbox 1624 1839 1715 1908; x_wconf 83' lang='lat' dir='ltr'><strong>torte</strong></span> <span class='ocrx_word' id='word_1_184' title='bbox 1737 1863 1812 1908; x_wconf 92' lang='lat' dir='ltr'><strong>non</strong></span> <span class='ocrx_word' id='word_1_185' title='bbox 1838 1839 2043 1922; x_wconf 85' lang='lat' dir='ltr'><strong>commode,</strong></span> <span class='ocrx_word' id='word_1_186' title='bbox 2076 1841 2136 1908; x_wconf 94' lang='lat' dir='ltr'><strong>sed</strong></span> 
     </span>
     <span class='ocr_line' id='line_1_16' title="bbox 93 1932 2137 2033; baseline -0.001 -21"><span class='ocrx_word' id='word_1_187' title='bbox 93 1943 248 2012; x_wconf 85' lang='lat' dir='ltr'><strong>sanxerit</strong></span> <span class='ocrx_word' id='word_1_188' title='bbox 261 1943 543 2033; x_wconf 89' lang='lat' dir='ltr'><strong>unumquodque</strong></span> <span class='ocrx_word' id='word_1_189' title='bbox 558 1940 704 2008; x_wconf 89' lang='lat' dir='ltr'><strong>nomine</strong></span> <span class='ocrx_word' id='word_1_190' title='bbox 715 1937 903 2028; x_wconf 90' lang='lat' dir='ltr'><strong>appellari,</strong></span> <span class='ocrx_word' id='word_1_191' title='bbox 929 1937 977 2005; x_wconf 90' lang='lat' dir='ltr'><strong>ita</strong></span> <span class='ocrx_word' id='word_1_192' title='bbox 995 1937 1089 2026; x_wconf 92' lang='lat' dir='ltr'><strong>apud</strong></span> <span class='ocrx_word' id='word_1_193' title='bbox 1144 1932 1219 2000; x_wconf 88' lang='lat' dir='ltr'><strong>sine</strong></span> <span class='ocrx_word' id='word_1_194' title='bbox 1234 1937 1339 2004; x_wconf 90' lang='lat' dir='ltr'><strong>corde</strong></span> <span class='ocrx_word' id='word_1_195' title='bbox 1355 1935 1456 2004; x_wconf 92' lang='lat' dir='ltr'><strong>nullo</strong></span> <span class='ocrx_word' id='word_1_196' title='bbox 1470 1941 1577 2008; x_wconf 90' lang='lat' dir='ltr'><strong>modo</strong></span> <span class='ocrx_word' id='word_1_197' title='bbox 1591 1963 1788 2030; x_wconf 90' lang='lat' dir='ltr'><strong>possumus.</strong></span> <span class='ocrx_word' id='word_1_198' title='bbox 1839 1940 1922 2012; x_wconf 89' lang='lat' dir='ltr'><strong>Non</strong></span> <span class='ocrx_word' id='word_1_199' title='bbox 1944 1955 1995 2011; x_wconf 89' lang='lat' dir='ltr'><strong>est</strong></span> <span class='ocrx_word' id='word_1_200' title='bbox 2010 1935 2137 2010; x_wconf 87' lang='lat' dir='ltr'><strong>huma-</strong></span> 
     </span>
     <span class='ocr_line' id='line_1_17' title="bbox 93 2032 2137 2134; baseline -0 -21"><span class='ocrx_word' id='word_1_201' title='bbox 93 2067 156 2114; x_wconf 89' lang='lat' dir='ltr'><strong>eos</strong></span> <span class='ocrx_word' id='word_1_202' title='bbox 177 2057 272 2113; x_wconf 91' lang='lat' dir='ltr'><strong>recte</strong></span> <span class='ocrx_word' id='word_1_203' title='bbox 297 2043 514 2133; x_wconf 88' lang='lat' dir='ltr'><strong>appelletur,</strong></span> <span class='ocrx_word' id='word_1_204' title='bbox 547 2042 634 2134; x_wconf 90' lang='lat' dir='ltr'><strong>quid</strong></span> <span class='ocrx_word' id='word_1_205' title='bbox 658 2032 1091 2131; x_wconf 88' lang='lat' dir='ltr'><strong>prohib&#39;etboscePhilo-</strong></span> <span class='ocrx_word' id='word_1_206' title='bbox 1142 2057 1211 2103; x_wconf 91' lang='lat' dir='ltr'><strong>nus</strong></span> <span class='ocrx_word' id='word_1_207' title='bbox 1225 2035 1286 2127; x_wconf 93' lang='lat' dir='ltr'><strong>qui</strong></span> <span class='ocrx_word' id='word_1_208' title='bbox 1302 2037 1348 2106; x_wconf 92' lang='lat' dir='ltr'><strong>sit</strong></span> <span class='ocrx_word' id='word_1_209' title='bbox 1363 2036 1520 2108; x_wconf 91' lang='lat' dir='ltr'><strong>insolens</strong></span> <span class='ocrx_word' id='word_1_210' title='bbox 1534 2041 1712 2132; x_wconf 90' lang='lat' dir='ltr'><strong>politioris</strong></span> <span class='ocrx_word' id='word_1_211' title='bbox 1729 2043 1954 2128; x_wconf 89' lang='lat' dir='ltr'><strong>literaturae,</strong></span> <span class='ocrx_word' id='word_1_212' title='bbox 1989 2041 2137 2114; x_wconf 87' lang='lat' dir='ltr'><strong>Nonest</strong></span> 
     </span>
     <span class='ocr_line' id='line_1_18' title="bbox 93 2131 2136 2237; baseline 0 -24"><span class='ocrx_word' id='word_1_213' title='bbox 93 2139 246 2234; x_wconf 87' lang='lat' dir='ltr'><strong>sophos,</strong></span> <span class='ocrx_word' id='word_1_214' title='bbox 287 2167 376 2235; x_wconf 92' lang='lat' dir='ltr'><strong>quos</strong></span> <span class='ocrx_word' id='word_1_215' title='bbox 405 2143 619 2233; x_wconf 88' lang='lat' dir='ltr'><strong>nuncupatis</strong></span> <span class='ocrx_word' id='word_1_216' title='bbox 653 2142 837 2225; x_wconf 88' lang='lat' dir='ltr'><strong>barbaros,</strong></span> <span class='ocrx_word' id='word_1_217' title='bbox 872 2141 1090 2232; x_wconf 88' lang='lat' dir='ltr'><strong>conspirasse</strong></span> <span class='ocrx_word' id='word_1_218' title='bbox 1143 2131 1251 2206; x_wconf 84' lang='lat' dir='ltr'><strong>horno</strong></span> <span class='ocrx_word' id='word_1_219' title='bbox 1270 2139 1331 2230; x_wconf 92' lang='lat' dir='ltr'><strong>qui</strong></span> <span class='ocrx_word' id='word_1_220' title='bbox 1350 2138 1395 2208; x_wconf 92' lang='lat' dir='ltr'><strong>sit</strong></span> <span class='ocrx_word' id='word_1_221' title='bbox 1413 2165 1537 2232; x_wconf 88' lang='lat' dir='ltr'><strong>expers</strong></span> <span class='ocrx_word' id='word_1_222' title='bbox 1556 2139 1822 2237; x_wconf 89' lang='lat' dir='ltr'><strong>Philosophiae.</strong></span> <span class='ocrx_word' id='word_1_223' title='bbox 1875 2145 2047 2216; x_wconf 83' lang='lat' dir='ltr'><strong>Prodesse</strong></span> <span class='ocrx_word' id='word_1_224' title='bbox 2072 2169 2136 2236; x_wconf 94' lang='lat' dir='ltr'><strong>po-</strong></span> 
     </span>
     <span class='ocr_line' id='line_1_19' title="bbox 93 2237 2136 2340; baseline 0.002 -27"><span class='ocrx_word' id='word_1_225' title='bbox 93 2247 135 2313; x_wconf 92' lang='lat' dir='ltr'><strong>in</strong></span> <span class='ocrx_word' id='word_1_226' title='bbox 167 2267 275 2313; x_wconf 79' lang='lat' dir='ltr'><strong>carram</strong></span> <span class='ocrx_word' id='word_1_227' title='bbox 304 2243 446 2312; x_wconf 90' lang='lat' dir='ltr'><strong>dicendi</strong></span> <span class='ocrx_word' id='word_1_228' title='bbox 473 2267 653 2326; x_wconf 85' lang='lat' dir='ltr'><strong>normam,</strong></span> <span class='ocrx_word' id='word_1_229' title='bbox 687 2243 781 2333; x_wconf 90' lang='lat' dir='ltr'><strong>apud</strong></span> <span class='ocrx_word' id='word_1_230' title='bbox 804 2265 863 2310; x_wconf 90' lang='lat' dir='ltr'><strong>eos</strong></span> <span class='ocrx_word' id='word_1_231' title='bbox 891 2267 964 2310; x_wconf 92' lang='lat' dir='ltr'><strong>non</strong></span> <span class='ocrx_word' id='word_1_232' title='bbox 990 2263 1102 2311; x_wconf 78' lang='lat' dir='ltr'><strong>secus¹</strong></span> <span class='ocrx_word' id='word_1_233' title='bbox 1143 2250 1210 2307; x_wconf 87' lang='lat' dir='ltr'><strong>test</strong></span> <span class='ocrx_word' id='word_1_234' title='bbox 1225 2237 1459 2311; x_wconf 80' lang='lat' dir='ltr'><strong>infantissimo</strong></span> <span class='ocrx_word' id='word_1_235' title='bbox 1477 2245 1660 2334; x_wconf 89' lang='lat' dir='ltr'><strong>sapientia.</strong></span> <span class='ocrx_word' id='word_1_236' title='bbox 1721 2245 1898 2339; x_wconf 90' lang='lat' dir='ltr'><strong>lnsipiens</strong></span> <span class='ocrx_word' id='word_1_237' title='bbox 1922 2247 2136 2340; x_wconf 86' lang='lat' dir='ltr'><strong>eloquentia,</strong></span> 
     </span>
     <span class='ocr_line' id='line_1_20' title="bbox 91 2337 2136 2436; baseline 0 -19"><span class='ocrx_word' id='word_1_238' title='bbox 91 2360 271 2428; x_wconf 86' lang='lat' dir='ltr'><strong>sanctam,</strong></span> <span class='ocrx_word' id='word_1_239' title='bbox 298 2369 338 2414; x_wconf 90' lang='lat' dir='ltr'><strong>ac</strong></span> <span class='ocrx_word' id='word_1_240' title='bbox 355 2341 527 2414; x_wconf 87' lang='lat' dir='ltr'><strong>habeatur</strong></span> <span class='ocrx_word' id='word_1_241' title='bbox 543 2347 638 2436; x_wconf 89' lang='lat' dir='ltr'><strong>apud</strong></span> <span class='ocrx_word' id='word_1_242' title='bbox 650 2367 712 2413; x_wconf 92' lang='lat' dir='ltr'><strong>vos</strong></span> <span class='ocrx_word' id='word_1_243' title='bbox 728 2337 937 2412; x_wconf 81' lang='lat' dir='ltr'><strong>Romana?</strong></span> <span class='ocrx_word' id='word_1_244' title='bbox 985 2341 1088 2412; x_wconf 91' lang='lat' dir='ltr'><strong>Illam</strong></span> <span class='ocrx_word' id='word_1_245' title='bbox 1141 2353 1181 2408; x_wconf 93' lang='lat' dir='ltr'><strong>ut</strong></span> <span class='ocrx_word' id='word_1_246' title='bbox 1200 2339 1339 2430; x_wconf 82' lang='lat' dir='ltr'><strong>gladius</strong></span> <span class='ocrx_word' id='word_1_247' title='bbox 1358 2341 1397 2412; x_wconf 94' lang='lat' dir='ltr'><strong>in</strong></span> <span class='ocrx_word' id='word_1_248' title='bbox 1420 2345 1571 2416; x_wconf 86' lang='lat' dir='ltr'><strong>lucentis</strong></span> <span class='ocrx_word' id='word_1_249' title='bbox 1593 2371 1721 2430; x_wconf 90' lang='lat' dir='ltr'><strong>manu,</strong></span> <span class='ocrx_word' id='word_1_250' title='bbox 1752 2373 1827 2418; x_wconf 92' lang='lat' dir='ltr'><strong>non</strong></span> <span class='ocrx_word' id='word_1_251' title='bbox 1849 2350 2136 2420; x_wconf 87' lang='lat' dir='ltr'><strong>obessemaximc</strong></span> 
     </span>
     <span class='ocr_line' id='line_1_21' title="bbox 92 2441 2134 2541; baseline -0.001 -21"><span class='ocrx_word' id='word_1_252' title='bbox 92 2473 160 2520; x_wconf 91' lang='lat' dir='ltr'><strong>cur</strong></span> <span class='ocrx_word' id='word_1_253' title='bbox 176 2463 305 2516; x_wconf 86' lang='lat' dir='ltr'><strong>rectam</strong></span> <span class='ocrx_word' id='word_1_254' title='bbox 319 2471 393 2516; x_wconf 93' lang='lat' dir='ltr'><strong>non</strong></span> <span class='ocrx_word' id='word_1_255' title='bbox 410 2447 611 2538; x_wconf 87' lang='lat' dir='ltr'><strong>appelletis,</strong></span> <span class='ocrx_word' id='word_1_256' title='bbox 636 2447 825 2537; x_wconf 77' lang='lat' dir='ltr'><strong>&#39;appelletis</strong></span> <span class='ocrx_word' id='word_1_257' title='bbox 840 2459 989 2514; x_wconf 89' lang='lat' dir='ltr'><strong>vestram</strong></span> <span class='ocrx_word' id='word_1_258' title='bbox 1005 2445 1089 2514; x_wconf 89' lang='lat' dir='ltr'><strong>nul·-</strong></span> <span class='ocrx_word' id='word_1_259' title='bbox 1141 2465 1215 2511; x_wconf 92' lang='lat' dir='ltr'><strong>non</strong></span> <span class='ocrx_word' id='word_1_260' title='bbox 1231 2457 1356 2534; x_wconf 89' lang='lat' dir='ltr'><strong>potest.</strong></span> <span class='ocrx_word' id='word_1_261' title='bbox 1407 2441 1503 2536; x_wconf 85' lang='lat' dir='ltr'><strong>Ergo</strong></span> <span class='ocrx_word' id='word_1_262' title='bbox 1519 2448 1678 2541; x_wconf 89' lang='lat' dir='ltr'><strong>inquies,</strong></span> <span class='ocrx_word' id='word_1_263' title='bbox 1703 2463 1737 2522; x_wconf 91' lang='lat' dir='ltr'><strong>et</strong></span> <span class='ocrx_word' id='word_1_264' title='bbox 1761 2464 1895 2522; x_wconf 88' lang='lat' dir='ltr'><strong>statuae</strong></span> <span class='ocrx_word' id='word_1_265' title='bbox 1910 2475 1984 2520; x_wconf 93' lang='lat' dir='ltr'><strong>non</strong></span> <span class='ocrx_word' id='word_1_266' title='bbox 2008 2451 2134 2540; x_wconf 87' lang='lat' dir='ltr'><strong>align-</strong></span> 
     </span>
     <span class='ocr_line' id='line_1_22' title="bbox 91 2543 2134 2640; baseline 0 -19"><span class='ocrx_word' id='word_1_267' title='bbox 91 2554 128 2621; x_wconf 89' lang='lat' dir='ltr'><strong>la</strong></span> <span class='ocrx_word' id='word_1_268' title='bbox 146 2563 196 2618; x_wconf 92' lang='lat' dir='ltr'><strong>est</strong></span> <span class='ocrx_word' id='word_1_269' title='bbox 214 2550 325 2629; x_wconf 92' lang='lat' dir='ltr'><strong>ratio,</strong></span> <span class='ocrx_word' id='word_1_270' title='bbox 358 2551 386 2616; x_wconf 89' lang='lat' dir='ltr'><strong>si</strong></span> <span class='ocrx_word' id='word_1_271' title='bbox 411 2545 496 2617; x_wconf 90' lang='lat' dir='ltr'><strong>haec</strong></span> <span class='ocrx_word' id='word_1_272' title='bbox 518 2549 727 2640; x_wconf 90' lang='lat' dir='ltr'><strong>compositio</strong></span> <span class='ocrx_word' id='word_1_273' title='bbox 743 2549 930 2618; x_wconf 91' lang='lat' dir='ltr'><strong>nominum</strong></span> <span class='ocrx_word' id='word_1_274' title='bbox 950 2559 1022 2617; x_wconf 93' lang='lat' dir='ltr'><strong>tota</strong></span> <span class='ocrx_word' id='word_1_275' title='bbox 1037 2559 1090 2618; x_wconf 88' lang='lat' dir='ltr'><strong>est</strong></span> <span class='ocrx_word' id='word_1_276' title='bbox 1141 2567 1201 2628; x_wconf 87' lang='lat' dir='ltr'><strong>ra,</strong></span> <span class='ocrx_word' id='word_1_277' title='bbox 1225 2545 1287 2614; x_wconf 92' lang='lat' dir='ltr'><strong>sed</strong></span> <span class='ocrx_word' id='word_1_278' title='bbox 1303 2549 1482 2618; x_wconf 89' lang='lat' dir='ltr'><strong>emateria</strong></span> <span class='ocrx_word' id='word_1_279' title='bbox 1496 2555 1803 2628; x_wconf 84' lang='lat' dir='ltr'><strong>commendantur.</strong></span> <span class='ocrx_word' id='word_1_280' title='bbox 1841 2551 1919 2624; x_wconf 86' lang='lat' dir='ltr'><strong>Etsi</strong></span> <span class='ocrx_word' id='word_1_281' title='bbox 1935 2543 2134 2624; x_wconf 80' lang='lat' dir='ltr'><strong>Choerilus</strong></span> 
     </span>
     <span class='ocr_line' id='line_1_23' title="bbox 90 2642 2132 2742; baseline 0 -18"><span class='ocrx_word' id='word_1_282' title='bbox 90 2651 291 2724; x_wconf 87' lang='lat' dir='ltr'><strong>arbitraria.</strong></span> <span class='ocrx_word' id='word_1_283' title='bbox 344 2648 452 2739; x_wconf 86' lang='lat' dir='ltr'><strong>Quod</strong></span> <span class='ocrx_word' id='word_1_284' title='bbox 481 2651 509 2718; x_wconf 93' lang='lat' dir='ltr'><strong>si</strong></span> <span class='ocrx_word' id='word_1_285' title='bbox 533 2651 672 2739; x_wconf 89' lang='lat' dir='ltr'><strong>dignari</strong></span> <span class='ocrx_word' id='word_1_286' title='bbox 695 2651 794 2718; x_wconf 89' lang='lat' dir='ltr'><strong>illam</strong></span> <span class='ocrx_word' id='word_1_287' title='bbox 817 2642 998 2718; x_wconf 88' lang='lat' dir='ltr'><strong>Romana</strong></span> <span class='ocrx_word' id='word_1_288' title='bbox 1021 2673 1087 2718; x_wconf 89' lang='lat' dir='ltr'><strong>no·</strong></span> <span class='ocrx_word' id='word_1_289' title='bbox 1141 2647 1263 2714; x_wconf 92' lang='lat' dir='ltr'><strong>eadem</strong></span> <span class='ocrx_word' id='word_1_290' title='bbox 1288 2671 1378 2742; x_wconf 90' lang='lat' dir='ltr'><strong>quae</strong></span> <span class='ocrx_word' id='word_1_291' title='bbox 1399 2648 1602 2739; x_wconf 89' lang='lat' dir='ltr'><strong>Homerus,</strong></span> <span class='ocrx_word' id='word_1_292' title='bbox 1635 2655 1729 2724; x_wconf 88' lang='lat' dir='ltr'><strong>etde</strong></span> <span class='ocrx_word' id='word_1_293' title='bbox 1748 2657 1873 2726; x_wconf 89' lang='lat' dir='ltr'><strong>iisdem</strong></span> <span class='ocrx_word' id='word_1_294' title='bbox 1890 2651 2057 2737; x_wconf 64' lang='lat' dir='ltr'><strong>Metius,</strong></span> <span class='ocrx_word' id='word_1_295' title='bbox 2091 2677 2132 2724; x_wconf 91' lang='lat' dir='ltr'><strong>ac</strong></span> 
     </span>
     <span class='ocr_line' id='line_1_24' title="bbox 90 2743 2132 2851; baseline 0.001 -28"><span class='ocrx_word' id='word_1_296' title='bbox 90 2755 201 2824; x_wconf 86' lang='lat' dir='ltr'><strong>minis</strong></span> <span class='ocrx_word' id='word_1_297' title='bbox 216 2753 453 2844; x_wconf 88' lang='lat' dir='ltr'><strong>appellatione</strong></span> <span class='ocrx_word' id='word_1_298' title='bbox 471 2775 545 2820; x_wconf 90' lang='lat' dir='ltr'><strong>non</strong></span> <span class='ocrx_word' id='word_1_299' title='bbox 562 2753 681 2822; x_wconf 90' lang='lat' dir='ltr'><strong>vultis.</strong></span> <span class='ocrx_word' id='word_1_300' title='bbox 733 2745 1087 2837; x_wconf 81' lang='lat' dir='ltr'><strong>Galle‘camvocetis,</strong></span> <span class='ocrx_word' id='word_1_301' title='bbox 1145 2743 1337 2842; x_wconf 77' lang='lat' dir='ltr'><strong>Virgilius</strong></span> <span class='ocrx_word' id='word_1_302' title='bbox 1368 2753 1593 2840; x_wconf 89' lang='lat' dir='ltr'><strong>cecinissent,</strong></span> <span class='ocrx_word' id='word_1_303' title='bbox 1635 2757 1794 2826; x_wconf 88' lang='lat' dir='ltr'><strong>luturnrn</strong></span> <span class='ocrx_word' id='word_1_304' title='bbox 1825 2771 1916 2838; x_wconf 90' lang='lat' dir='ltr'><strong>erat,</strong></span> <span class='ocrx_word' id='word_1_305' title='bbox 1951 2771 2132 2851; x_wconf 82' lang='lat' dir='ltr'><strong>utaequa</strong></span> 
     </span>
     <span class='ocr_line' id='line_1_25' title="bbox 89 2851 2134 2950; baseline 0.001 -24"><span class='ocrx_word' id='word_1_306' title='bbox 89 2851 377 2940; x_wconf 80' lang='lat' dir='ltr'><strong>Britannicam,</strong></span> <span class='ocrx_word' id='word_1_307' title='bbox 424 2853 661 2949; x_wconf 82' lang='lat' dir='ltr'><strong>Hispanam,</strong></span> <span class='ocrx_word' id='word_1_308' title='bbox 708 2855 766 2924; x_wconf 87' lang='lat' dir='ltr'><strong>vel</strong></span> <span class='ocrx_word' id='word_1_309' title='bbox 796 2856 893 2948; x_wconf 92' lang='lat' dir='ltr'><strong>quod</strong></span> <span class='ocrx_word' id='word_1_310' title='bbox 924 2855 1087 2946; x_wconf 82' lang='lat' dir='ltr'><strong>vulgares</strong></span> <span class='ocrx_word' id='word_1_311' title='bbox 1140 2852 1195 2919; x_wconf 94' lang='lat' dir='ltr'><strong>illi</strong></span> <span class='ocrx_word' id='word_1_312' title='bbox 1217 2866 1323 2946; x_wconf 90' lang='lat' dir='ltr'><strong>atque</strong></span> <span class='ocrx_word' id='word_1_313' title='bbox 1349 2852 1406 2922; x_wconf 92' lang='lat' dir='ltr'><strong>isti</strong></span> <span class='ocrx_word' id='word_1_314' title='bbox 1427 2855 1523 2925; x_wconf 92' lang='lat' dir='ltr'><strong>inter</strong></span> <span class='ocrx_word' id='word_1_315' title='bbox 1543 2855 1672 2928; x_wconf 87' lang='lat' dir='ltr'><strong>Po&#39;e&#39;tas</strong></span> <span class='ocrx_word' id='word_1_316' title='bbox 1695 2860 1947 2950; x_wconf 81' lang='lat' dir='ltr'><strong>reciperentur.</strong></span> <span class='ocrx_word' id='word_1_317' title='bbox 2004 2858 2134 2929; x_wconf 89' lang='lat' dir='ltr'><strong>Nonne</strong></span> 
     </span>
     <span class='ocr_line' id='line_1_26' title="bbox 91 2948 2133 3049; baseline -0 -18"><span class='ocrx_word' id='word_1_318' title='bbox 91 2961 208 3030; x_wconf 89' lang='lat' dir='ltr'><strong>dicere</strong></span> <span class='ocrx_word' id='word_1_319' title='bbox 222 2959 353 3042; x_wconf 91' lang='lat' dir='ltr'><strong>solent,</strong></span> <span class='ocrx_word' id='word_1_320' title='bbox 379 2948 638 3030; x_wconf 86' lang='lat' dir='ltr'><strong>Parisiensem.</strong></span> <span class='ocrx_word' id='word_1_321' title='bbox 689 2955 1086 3049; x_wconf 83' lang='lat' dir='ltr'><strong>Cumatlnosloqnen-</strong></span> <span class='ocrx_word' id='word_1_322' title='bbox 1139 2953 1239 3022; x_wconf 89' lang='lat' dir='ltr'><strong>vides</strong></span> <span class='ocrx_word' id='word_1_323' title='bbox 1265 2955 1534 3046; x_wconf 89' lang='lat' dir='ltr'><strong>disparilitatem</strong></span> <span class='ocrx_word' id='word_1_324' title='bbox 1558 2959 1829 3032; x_wconf 83' lang='lat' dir='ltr'><strong>similitudinis?</strong></span> <span class='ocrx_word' id='word_1_325' title='bbox 1881 2963 1976 3032; x_wconf 93' lang='lat' dir='ltr'><strong>lllud</strong></span> <span class='ocrx_word' id='word_1_326' title='bbox 2005 2976 2039 3032; x_wconf 88' lang='lat' dir='ltr'><strong>et</strong></span> <span class='ocrx_word' id='word_1_327' title='bbox 2067 2983 2133 3030; x_wconf 90' lang='lat' dir='ltr'><strong>nos</strong></span> 
     </span>
     <span class='ocr_line' id='line_1_27' title="bbox 92 3057 2133 3156; baseline 0 -24"><span class='ocrx_word' id='word_1_328' title='bbox 92 3075 152 3132; x_wconf 90' lang='lat' dir='ltr'><strong>tar</strong></span> <span class='ocrx_word' id='word_1_329' title='bbox 169 3061 350 3150; x_wconf 87' lang='lat' dir='ltr'><strong>continget</strong></span> <span class='ocrx_word' id='word_1_330' title='bbox 379 3079 440 3129; x_wconf 88' lang='lat' dir='ltr'><strong>cos</strong></span> <span class='ocrx_word' id='word_1_331' title='bbox 463 3059 630 3156; x_wconf 83' lang='lat' dir='ltr'><strong>pleraque</strong></span> <span class='ocrx_word' id='word_1_332' title='bbox 657 3057 786 3143; x_wconf 89' lang='lat' dir='ltr'><strong>rideri,</strong></span> <span class='ocrx_word' id='word_1_333' title='bbox 820 3059 988 3152; x_wconf 88' lang='lat' dir='ltr'><strong>pleraque</strong></span> <span class='ocrx_word' id='word_1_334' title='bbox 1011 3081 1086 3127; x_wconf 93' lang='lat' dir='ltr'><strong>non</strong></span> <span class='ocrx_word' id='word_1_335' title='bbox 1140 3077 1398 3143; x_wconf 89' lang='lat' dir='ltr'><strong>asseveramus,</strong></span> <span class='ocrx_word' id='word_1_336' title='bbox 1431 3060 1592 3152; x_wconf 88' lang='lat' dir='ltr'><strong>aspecie</strong></span> <span class='ocrx_word' id='word_1_337' title='bbox 1613 3087 1690 3132; x_wconf 88' lang='lat' dir='ltr'><strong>rcnr</strong></span> <span class='ocrx_word' id='word_1_338' title='bbox 1710 3064 1874 3146; x_wconf 89' lang='lat' dir='ltr'><strong>aestima,</strong></span> <span class='ocrx_word' id='word_1_339' title='bbox 1900 3063 2133 3134; x_wconf 80' lang='lat' dir='ltr'><strong>nonensub·</strong></span> 
     </span>
     <span class='ocr_line' id='line_1_28' title="bbox 96 3153 2132 3259; baseline 0.003 -29"><span class='ocrx_word' id='word_1_340' title='bbox 96 3162 256 3252; x_wconf 87' lang='lat' dir='ltr'><strong>intelligi.</strong></span> <span class='ocrx_word' id='word_1_341' title='bbox 307 3159 408 3231; x_wconf 86' lang='lat' dir='ltr'><strong>ldern</strong></span> <span class='ocrx_word' id='word_1_342' title='bbox 433 3162 565 3230; x_wconf 89' lang='lat' dir='ltr'><strong>accidet</strong></span> <span class='ocrx_word' id='word_1_343' title='bbox 586 3161 689 3231; x_wconf 91' lang='lat' dir='ltr'><strong>vobis</strong></span> <span class='ocrx_word' id='word_1_344' title='bbox 712 3161 808 3252; x_wconf 87' lang='lat' dir='ltr'><strong>apud</strong></span> <span class='ocrx_word' id='word_1_345' title='bbox 826 3183 885 3230; x_wconf 93' lang='lat' dir='ltr'><strong>eos</strong></span> <span class='ocrx_word' id='word_1_346' title='bbox 906 3161 1087 3254; x_wconf 91' lang='lat' dir='ltr'><strong>loquenti·</strong></span> <span class='ocrx_word' id='word_1_347' title='bbox 1140 3158 1240 3231; x_wconf 91' lang='lat' dir='ltr'><strong>iecto.</strong></span> <span class='ocrx_word' id='word_1_348' title='bbox 1291 3153 1357 3230; x_wconf 89' lang='lat' dir='ltr'><strong>Est</strong></span> <span class='ocrx_word' id='word_1_349' title='bbox 1378 3159 1473 3229; x_wconf 89' lang='lat' dir='ltr'><strong>enim</strong></span> <span class='ocrx_word' id='word_1_350' title='bbox 1498 3185 1518 3234; x_wconf 89' lang='lat' dir='ltr'><strong>a</strong></span> <span class='ocrx_word' id='word_1_351' title='bbox 1540 3165 1655 3254; x_wconf 92' lang='lat' dir='ltr'><strong>specie</strong></span> <span class='ocrx_word' id='word_1_352' title='bbox 1681 3187 1737 3234; x_wconf 86' lang='lat' dir='ltr'><strong>res</strong></span> <span class='ocrx_word' id='word_1_353' title='bbox 1763 3166 1801 3235; x_wconf 94' lang='lat' dir='ltr'><strong>id</strong></span> <span class='ocrx_word' id='word_1_354' title='bbox 1825 3169 1920 3259; x_wconf 72' lang='lat' dir='ltr'><strong>quod</strong></span> <span class='ocrx_word' id='word_1_355' title='bbox 1945 3177 2007 3238; x_wconf 88' lang='lat' dir='ltr'><strong>est.</strong></span> <span class='ocrx_word' id='word_1_356' title='bbox 2059 3165 2132 3237; x_wconf 90' lang='lat' dir='ltr'><strong>Scd</strong></span> 
     </span>
     <span class='ocr_line' id='line_1_29' title="bbox 97 3257 2133 3361; baseline 0.002 -27"><span class='ocrx_word' id='word_1_357' title='bbox 97 3263 177 3350; x_wconf 91' lang='lat' dir='ltr'><strong>bus,</strong></span> <span class='ocrx_word' id='word_1_358' title='bbox 195 3257 415 3359; x_wconf 78' lang='grc' dir='ltr'><em>Ἀνάχαρσις</em></span> <span class='ocrx_word' id='word_1_359' title='bbox 430 3258 519 3358; x_wconf 77' lang='grc' dir='ltr'><strong><em>παρ’</em></strong></span> <span class='ocrx_word' id='word_1_360' title='bbox 540 3258 738 3355; x_wconf 64' lang='grc' dir='ltr'><strong><em>ἀθηναίοις</em></strong></span> <span class='ocrx_word' id='word_1_361' title='bbox 754 3257 964 3350; x_wconf 81' lang='grc' dir='ltr'><strong><em>σολοικίζει,</em></strong></span> <span class='ocrx_word' id='word_1_362' title='bbox 989 3259 1087 3356; x_wconf 77' lang='lat' dir='ltr'><strong>‹iliq-</strong></span> <span class='ocrx_word' id='word_1_363' title='bbox 1139 3260 1207 3329; x_wconf 91' lang='lat' dir='ltr'><strong>alia</strong></span> <span class='ocrx_word' id='word_1_364' title='bbox 1222 3261 1336 3351; x_wconf 92' lang='lat' dir='ltr'><strong>specie</strong></span> <span class='ocrx_word' id='word_1_365' title='bbox 1352 3261 1538 3356; x_wconf 90' lang='lat' dir='ltr'><strong>quisquam</strong></span> <span class='ocrx_word' id='word_1_366' title='bbox 1557 3266 1650 3335; x_wconf 92' lang='lat' dir='ltr'><strong>inter</strong></span> <span class='ocrx_word' id='word_1_367' title='bbox 1663 3261 1918 3361; x_wconf 84' lang='lat' dir='ltr'><strong>Philosophus,</strong></span> <span class='ocrx_word' id='word_1_368' title='bbox 1951 3267 2021 3338; x_wconf 91' lang='lat' dir='ltr'><strong>alia</strong></span> <span class='ocrx_word' id='word_1_369' title='bbox 2039 3267 2133 3338; x_wconf 87' lang='lat' dir='ltr'><strong>inter</strong></span> 
     </span>
     <span class='ocr_line' id='line_1_30' title="bbox 91 3357 2132 3460; baseline 0 -22"><span class='ocrx_word' id='word_1_370' title='bbox 91 3369 191 3438; x_wconf 75' lang='grc' dir='ltr'><strong><em>ναῖοι</em></strong></span> <span class='ocrx_word' id='word_1_371' title='bbox 206 3361 247 3440; x_wconf 77' lang='lat' dir='ltr'><strong>di</strong></span> <span class='ocrx_word' id='word_1_372' title='bbox 261 3363 362 3460; x_wconf 75' lang='lat' dir='ltr'><strong>nupti</strong></span> <span class='ocrx_word' id='word_1_373' title='bbox 374 3358 554 3456; x_wconf 75' lang='grc' dir='ltr'><strong><em>σκύθαις,</em></strong></span> <span class='ocrx_word' id='word_1_374' title='bbox 582 3363 623 3434; x_wconf 95' lang='lat' dir='ltr'><strong>ld</strong></span> <span class='ocrx_word' id='word_1_375' title='bbox 641 3379 710 3448; x_wconf 91' lang='lat' dir='ltr'><strong>est,</strong></span> <span class='ocrx_word' id='word_1_376' title='bbox 730 3357 969 3434; x_wconf 79' lang='lat' dir='ltr'><strong>Anacharsis</strong></span> <span class='ocrx_word' id='word_1_377' title='bbox 983 3359 1090 3458; x_wconf 86' lang='lat' dir='ltr'><strong>apud</strong></span> <span class='ocrx_word' id='word_1_378' title='bbox 1139 3360 1267 3432; x_wconf 67' lang='lat' dir='ltr'><strong>Poetas</strong></span> <span class='ocrx_word' id='word_1_379' title='bbox 1290 3363 1526 3458; x_wconf 90' lang='lat' dir='ltr'><strong>recipiendus.</strong></span> <span class='ocrx_word' id='word_1_380' title='bbox 1585 3365 1726 3440; x_wconf 88' lang='lat' dir='ltr'><strong>Scribat</strong></span> <span class='ocrx_word' id='word_1_381' title='bbox 1740 3363 1939 3440; x_wconf 85' lang='lat' dir='ltr'><strong>Lucretius</strong></span> <span class='ocrx_word' id='word_1_382' title='bbox 1960 3372 2003 3438; x_wconf 93' lang='lat' dir='ltr'><strong>de</strong></span> <span class='ocrx_word' id='word_1_383' title='bbox 2019 3367 2132 3442; x_wconf 88' lang='lat' dir='ltr'><strong>Natu-</strong></span> 
     </span>
     <span class='ocr_line' id='line_1_31' title="bbox 88 3457 2129 3564; baseline 0.001 -26"><span class='ocrx_word' id='word_1_384' title='bbox 88 3461 332 3538; x_wconf 86' lang='lat' dir='ltr'><strong>Athenienses</strong></span> <span class='ocrx_word' id='word_1_385' title='bbox 375 3463 628 3536; x_wconf 82' lang='lat' dir='ltr'><strong>soloecismum</strong></span> <span class='ocrx_word' id='word_1_386' title='bbox 668 3466 791 3564; x_wconf 81' lang='lat' dir='ltr'><strong>sarit,</strong></span> <span class='ocrx_word' id='word_1_387' title='bbox 844 3457 1086 3538; x_wconf 81' lang='lat' dir='ltr'><strong>Athenienses</strong></span> <span class='ocrx_word' id='word_1_388' title='bbox 1137 3487 1196 3549; x_wconf 90' lang='lat' dir='ltr'><strong>ra,</strong></span> <span class='ocrx_word' id='word_1_389' title='bbox 1231 3465 1276 3534; x_wconf 88' lang='lat' dir='ltr'><strong>de</strong></span> <span class='ocrx_word' id='word_1_390' title='bbox 1299 3465 1398 3550; x_wconf 89' lang='lat' dir='ltr'><strong>Deo,</strong></span> <span class='ocrx_word' id='word_1_391' title='bbox 1430 3467 1475 3536; x_wconf 88' lang='lat' dir='ltr'><strong>de</strong></span> <span class='ocrx_word' id='word_1_392' title='bbox 1497 3465 1743 3556; x_wconf 90' lang='lat' dir='ltr'><strong>Providentia,</strong></span> <span class='ocrx_word' id='word_1_393' title='bbox 1775 3473 1906 3544; x_wconf 88' lang='lat' dir='ltr'><strong>scribat</strong></span> <span class='ocrx_word' id='word_1_394' title='bbox 1932 3475 1977 3540; x_wconf 91' lang='lat' dir='ltr'><strong>de</strong></span> <span class='ocrx_word' id='word_1_395' title='bbox 1998 3472 2129 3540; x_wconf 87' lang='lat' dir='ltr'><strong>eisdem</strong></span> 
     </span>
     <span class='ocr_line' id='line_1_32' title="bbox 87 3563 2130 3668; baseline -0.001 -24"><span class='ocrx_word' id='word_1_396' title='bbox 87 3567 199 3668; x_wconf 84' lang='lat' dir='ltr'><strong>apud</strong></span> <span class='ocrx_word' id='word_1_397' title='bbox 208 3563 380 3666; x_wconf 82' lang='lat' dir='ltr'><strong>Scythas.</strong></span> <span class='ocrx_word' id='word_1_398' title='bbox 426 3566 535 3658; x_wconf 88' lang='lat' dir='ltr'><strong>Quod</strong></span> <span class='ocrx_word' id='word_1_399' title='bbox 551 3567 582 3638; x_wconf 93' lang='lat' dir='ltr'><strong>si</strong></span> <span class='ocrx_word' id='word_1_400' title='bbox 597 3570 786 3637; x_wconf 88' lang='lat' dir='ltr'><strong>nominum</strong></span> <span class='ocrx_word' id='word_1_401' title='bbox 804 3569 980 3637; x_wconf 91' lang='lat' dir='ltr'><strong>rectitudo</strong></span> <span class='ocrx_word' id='word_1_402' title='bbox 996 3589 1086 3658; x_wconf 89' lang='lat' dir='ltr'><strong>pen·</strong></span> <span class='ocrx_word' id='word_1_403' title='bbox 1137 3589 1179 3634; x_wconf 84' lang='lat' dir='ltr'><strong>ex</strong></span> <span class='ocrx_word' id='word_1_404' title='bbox 1197 3565 1327 3636; x_wconf 90' lang='lat' dir='ltr'><strong>nostris</strong></span> <span class='ocrx_word' id='word_1_405' title='bbox 1349 3565 1559 3660; x_wconf 89' lang='lat' dir='ltr'><strong>quisquam,</strong></span> <span class='ocrx_word' id='word_1_406' title='bbox 1591 3571 1723 3642; x_wconf 89' lang='lat' dir='ltr'><strong>scribat</strong></span> <span class='ocrx_word' id='word_1_407' title='bbox 1738 3569 1904 3642; x_wconf 87' lang='lat' dir='ltr'><strong>Ioannes</strong></span> <span class='ocrx_word' id='word_1_408' title='bbox 1921 3569 2071 3658; x_wconf 83' lang='lat' dir='ltr'><strong>Scelus,</strong></span> <span class='ocrx_word' id='word_1_409' title='bbox 2095 3585 2130 3642; x_wconf 86' lang='lat' dir='ltr'><strong>et</strong></span> 
     </span>
     <span class='ocr_line' id='line_1_33' title="bbox 85 3663 2129 3764; baseline -0.001 -18"><span class='ocrx_word' id='word_1_410' title='bbox 85 3679 153 3746; x_wconf 83' lang='lat' dir='ltr'><strong>det</strong></span> <span class='ocrx_word' id='word_1_411' title='bbox 176 3697 217 3744; x_wconf 81' lang='lat' dir='ltr'><strong>ex</strong></span> <span class='ocrx_word' id='word_1_412' title='bbox 240 3688 366 3743; x_wconf 86' lang='lat' dir='ltr'><strong>natura</strong></span> <span class='ocrx_word' id='word_1_413' title='bbox 391 3695 532 3757; x_wconf 91' lang='lat' dir='ltr'><strong>rerum,</strong></span> <span class='ocrx_word' id='word_1_414' title='bbox 564 3671 734 3740; x_wconf 89' lang='lat' dir='ltr'><strong>debemus</strong></span> <span class='ocrx_word' id='word_1_415' title='bbox 751 3693 796 3740; x_wconf 91' lang='lat' dir='ltr'><strong>ne</strong></span> <span class='ocrx_word' id='word_1_416' title='bbox 813 3663 1006 3754; x_wconf 79' lang='lat' dir='ltr'><strong>libatores,</strong></span> <span class='ocrx_word' id='word_1_417' title='bbox 1037 3691 1083 3738; x_wconf 90' lang='lat' dir='ltr'><strong>an</strong></span> <span class='ocrx_word' id='word_1_418' title='bbox 1137 3667 1281 3760; x_wconf 89' lang='lat' dir='ltr'><strong>quidem</strong></span> <span class='ocrx_word' id='word_1_419' title='bbox 1297 3668 1464 3754; x_wconf 87' lang='lat' dir='ltr'><strong>carmine,</strong></span> <span class='ocrx_word' id='word_1_420' title='bbox 1490 3683 1528 3739; x_wconf 90' lang='lat' dir='ltr'><strong>nt</strong></span> <span class='ocrx_word' id='word_1_421' title='bbox 1543 3669 1589 3739; x_wconf 86' lang='lat' dir='ltr'><strong>sit</strong></span> <span class='ocrx_word' id='word_1_422' title='bbox 1606 3672 1772 3764; x_wconf 84' lang='lat' dir='ltr'><strong>ineptior.</strong></span> <span class='ocrx_word' id='word_1_423' title='bbox 1824 3667 2129 3744; x_wconf 87' lang='lat' dir='ltr'><strong>DicetLucretius</strong></span> 
     </span>
     <span class='ocr_line' id='line_1_34' title="bbox 84 3765 2128 3868; baseline -0.001 -18"><span class='ocrx_word' id='word_1_424' title='bbox 84 3769 348 3867; x_wconf 82' lang='lat' dir='ltr'><strong>Philosophus,</strong></span> <span class='ocrx_word' id='word_1_425' title='bbox 378 3777 440 3868; x_wconf 91' lang='lat' dir='ltr'><strong>qui</strong></span> <span class='ocrx_word' id='word_1_426' title='bbox 463 3795 583 3842; x_wconf 88' lang='lat' dir='ltr'><strong>rerum</strong></span> <span class='ocrx_word' id='word_1_427' title='bbox 607 3771 769 3842; x_wconf 86' lang='lat' dir='ltr'><strong>omnium</strong></span> <span class='ocrx_word' id='word_1_428' title='bbox 793 3784 978 3856; x_wconf 91' lang='lat' dir='ltr'><strong>naturam,</strong></span> <span class='ocrx_word' id='word_1_429' title='bbox 1016 3771 1083 3840; x_wconf 90' lang='lat' dir='ltr'><strong>soli</strong></span> <span class='ocrx_word' id='word_1_430' title='bbox 1137 3792 1255 3837; x_wconf 88' lang='lat' dir='ltr'><strong>rerum</strong></span> <span class='ocrx_word' id='word_1_431' title='bbox 1272 3769 1462 3861; x_wconf 90' lang='lat' dir='ltr'><strong>principia,</strong></span> <span class='ocrx_word' id='word_1_432' title='bbox 1497 3765 1882 3858; x_wconf 86' lang='lat' dir='ltr'><strong>Atomosetvacuum,</strong></span> <span class='ocrx_word' id='word_1_433' title='bbox 1914 3773 2031 3846; x_wconf 88' lang='lat' dir='ltr'><strong>Deum</strong></span> <span class='ocrx_word' id='word_1_434' title='bbox 2048 3801 2128 3848; x_wconf 89' lang='lat' dir='ltr'><strong>cor-</strong></span> 
     </span>
     <span class='ocr_line' id='line_1_35' title="bbox 82 3867 2128 3974; baseline 0 -26"><span class='ocrx_word' id='word_1_435' title='bbox 82 3893 307 3974; x_wconf 88' lang='lat' dir='ltr'><strong>perspectam</strong></span> <span class='ocrx_word' id='word_1_436' title='bbox 323 3872 457 3948; x_wconf 89' lang='lat' dir='ltr'><strong>habent</strong></span> <span class='ocrx_word' id='word_1_437' title='bbox 476 3889 511 3946; x_wconf 90' lang='lat' dir='ltr'><strong>ct</strong></span> <span class='ocrx_word' id='word_1_438' title='bbox 528 3875 763 3969; x_wconf 86' lang='lat' dir='ltr'><strong>exploratam,</strong></span> <span class='ocrx_word' id='word_1_439' title='bbox 788 3875 833 3944; x_wconf 89' lang='lat' dir='ltr'><strong>de</strong></span> <span class='ocrx_word' id='word_1_440' title='bbox 852 3867 919 3944; x_wconf 88' lang='lat' dir='ltr'><strong>hac</strong></span> <span class='ocrx_word' id='word_1_441' title='bbox 937 3873 1084 3944; x_wconf 88' lang='lat' dir='ltr'><strong>rectitu-</strong></span> <span class='ocrx_word' id='word_1_442' title='bbox 1137 3894 1284 3962; x_wconf 87' lang='lat' dir='ltr'><strong>porcum</strong></span> <span class='ocrx_word' id='word_1_443' title='bbox 1300 3895 1419 3942; x_wconf 90' lang='lat' dir='ltr'><strong>rerum</strong></span> <span class='ocrx_word' id='word_1_444' title='bbox 1433 3885 1636 3943; x_wconf 87' lang='lat' dir='ltr'><strong>nostrarum</strong></span> <span class='ocrx_word' id='word_1_445' title='bbox 1654 3875 1825 3964; x_wconf 91' lang='lat' dir='ltr'><strong>inscium,</strong></span> <span class='ocrx_word' id='word_1_446' title='bbox 1857 3891 1988 3949; x_wconf 90' lang='lat' dir='ltr'><strong>temere</strong></span> <span class='ocrx_word' id='word_1_447' title='bbox 2008 3879 2128 3948; x_wconf 89' lang='lat' dir='ltr'><strong>omnia</strong></span> 
     </span>
     <span class='ocr_line' id='line_1_36' title="bbox 80 3967 2129 4072; baseline 0.001 -21"><span class='ocrx_word' id='word_1_448' title='bbox 80 3967 416 4054; x_wconf 78' lang='lat' dir='ltr'><strong>dineconsulere?⁸</strong></span> <span class='ocrx_word' id='word_1_449' title='bbox 447 3975 625 4072; x_wconf 82' lang='lat' dir='ltr'><strong>Forteque</strong></span> <span class='ocrx_word' id='word_1_450' title='bbox 645 3999 748 4046; x_wconf 89' lang='lat' dir='ltr'><strong>aures</strong></span> <span class='ocrx_word' id='word_1_451' title='bbox 769 3987 943 4065; x_wconf 91' lang='lat' dir='ltr'><strong>respuunt</strong></span> <span class='ocrx_word' id='word_1_452' title='bbox 960 3987 1084 4066; x_wconf 91' lang='lat' dir='ltr'><strong>utpote</strong></span> <span class='ocrx_word' id='word_1_453' title='bbox 1136 3971 1283 4042; x_wconf 85' lang='lat' dir='ltr'><strong>fortuito</strong></span> <span class='ocrx_word' id='word_1_454' title='bbox 1313 3995 1461 4044; x_wconf 89' lang='lat' dir='ltr'><strong>occursu</strong></span> <span class='ocrx_word' id='word_1_455' title='bbox 1492 3971 1784 4066; x_wconf 89' lang='lat' dir='ltr'><strong>corpusculomm</strong></span> <span class='ocrx_word' id='word_1_456' title='bbox 1815 3981 1919 4050; x_wconf 80' lang='lat' dir='ltr'><strong>ferri:</strong></span> <span class='ocrx_word' id='word_1_457' title='bbox 1951 3983 2010 4052; x_wconf 89' lang='lat' dir='ltr'><strong>sed</strong></span> <span class='ocrx_word' id='word_1_458' title='bbox 2042 3977 2129 4058; x_wconf 87' lang='lat' dir='ltr'><strong>baec</strong></span> 
     </span>
     <span class='ocr_line' id='line_1_37' title="bbox 80 4066 2128 4177; baseline -0.001 -21"><span class='ocrx_word' id='word_1_459' title='bbox 80 4081 268 4176; x_wconf 81' lang='lat' dir='ltr'><strong>asperula,</strong></span> <span class='ocrx_word' id='word_1_460' title='bbox 296 4091 453 4170; x_wconf 87' lang='lat' dir='ltr'><strong>acceptat</strong></span> <span class='ocrx_word' id='word_1_461' title='bbox 473 4079 566 4150; x_wconf 88' lang='lat' dir='ltr'><strong>ratio</strong></span> <span class='ocrx_word' id='word_1_462' title='bbox 587 4091 711 4171; x_wconf 87' lang='lat' dir='ltr'><strong>utpote</strong></span> <span class='ocrx_word' id='word_1_463' title='bbox 735 4079 843 4150; x_wconf 91' lang='lat' dir='ltr'><strong>rebus</strong></span> <span class='ocrx_word' id='word_1_464' title='bbox 867 4077 1083 4168; x_wconf 79' lang='lat' dir='ltr'><strong>cognatiora.</strong></span> <span class='ocrx_word' id='word_1_465' title='bbox 1135 4066 1277 4144; x_wconf 82' lang='lat' dir='ltr'><strong>Latine</strong></span> <span class='ocrx_word' id='word_1_466' title='bbox 1292 4075 1385 4145; x_wconf 90' lang='lat' dir='ltr'><strong>dicet</strong></span> <span class='ocrx_word' id='word_1_467' title='bbox 1399 4087 1433 4144; x_wconf 89' lang='lat' dir='ltr'><strong>et</strong></span> <span class='ocrx_word' id='word_1_468' title='bbox 1457 4075 1646 4166; x_wconf 86' lang='lat' dir='ltr'><strong>eleganter,</strong></span> <span class='ocrx_word' id='word_1_469' title='bbox 1697 4079 1799 4152; x_wconf 89' lang='lat' dir='ltr'><strong>Dicet</strong></span> <span class='ocrx_word' id='word_1_470' title='bbox 1820 4077 2004 4164; x_wconf 91' lang='lat' dir='ltr'><strong>Ioannes,</strong></span> <span class='ocrx_word' id='word_1_471' title='bbox 2038 4107 2128 4177; x_wconf 89' lang='lat' dir='ltr'><strong>quae</strong></span> 
     </span>
     <span class='ocr_line' id='line_1_38' title="bbox 82 4177 2128 4278; baseline 0.001 -27"><span class='ocrx_word' id='word_1_472' title='bbox 82 4186 158 4259; x_wconf 82' lang='lat' dir='ltr'><strong>Sed</strong></span> <span class='ocrx_word' id='word_1_473' title='bbox 179 4183 266 4278; x_wconf 93' lang='lat' dir='ltr'><strong>quid</strong></span> <span class='ocrx_word' id='word_1_474' title='bbox 289 4183 448 4276; x_wconf 90' lang='lat' dir='ltr'><strong>oportuit</strong></span> <span class='ocrx_word' id='word_1_475' title='bbox 466 4205 600 4252; x_wconf 90' lang='lat' dir='ltr'><strong>novare</strong></span> <span class='ocrx_word' id='word_1_476' title='bbox 621 4205 681 4251; x_wconf 88' lang='lat' dir='ltr'><strong>eos</strong></span> <span class='ocrx_word' id='word_1_477' title='bbox 699 4181 877 4271; x_wconf 88' lang='lat' dir='ltr'><strong>linguam,</strong></span> <span class='ocrx_word' id='word_1_478' title='bbox 910 4193 945 4250; x_wconf 90' lang='lat' dir='ltr'><strong>et</strong></span> <span class='ocrx_word' id='word_1_479' title='bbox 961 4177 992 4249; x_wconf 91' lang='lat' dir='ltr'><strong>si</strong></span> <span class='ocrx_word' id='word_1_480' title='bbox 1007 4179 1081 4247; x_wconf 92' lang='lat' dir='ltr'><strong>nati</strong></span> <span class='ocrx_word' id='word_1_481' title='bbox 1135 4189 1262 4246; x_wconf 89' lang='lat' dir='ltr'><strong>natura</strong></span> <span class='ocrx_word' id='word_1_482' title='bbox 1277 4189 1458 4262; x_wconf 91' lang='lat' dir='ltr'><strong>constant,</strong></span> <span class='ocrx_word' id='word_1_483' title='bbox 1489 4201 1552 4248; x_wconf 92' lang='lat' dir='ltr'><strong>sua</strong></span> <span class='ocrx_word' id='word_1_484' title='bbox 1580 4183 1725 4252; x_wconf 91' lang='lat' dir='ltr'><strong>materia</strong></span> <span class='ocrx_word' id='word_1_485' title='bbox 1747 4187 1931 4278; x_wconf 87' lang='lat' dir='ltr'><strong>specieque</strong></span> <span class='ocrx_word' id='word_1_486' title='bbox 1947 4187 2128 4272; x_wconf 90' lang='lat' dir='ltr'><strong>constitui,</strong></span> 
     </span>
     <span class='ocr_line' id='line_1_39' title="bbox 82 4275 2145 4381; baseline -0.001 -21"><span class='ocrx_word' id='word_1_487' title='bbox 82 4299 191 4360; x_wconf 83' lang='lat' dir='ltr'><strong>erant</strong></span> <span class='ocrx_word' id='word_1_488' title='bbox 219 4287 313 4356; x_wconf 91' lang='lat' dir='ltr'><strong>inter</strong></span> <span class='ocrx_word' id='word_1_489' title='bbox 339 4277 525 4365; x_wconf 82' lang='lat' dir='ltr'><strong>Latinas,</strong></span> <span class='ocrx_word' id='word_1_490' title='bbox 563 4307 638 4353; x_wconf 92' lang='lat' dir='ltr'><strong>non</strong></span> <span class='ocrx_word' id='word_1_491' title='bbox 661 4275 804 4354; x_wconf 81' lang='lat' dir='ltr'><strong>Latine</strong></span> <span class='ocrx_word' id='word_1_492' title='bbox 826 4280 949 4377; x_wconf 76' lang='lat' dir='ltr'><strong>loqui?</strong></span> <span class='ocrx_word' id='word_1_493' title='bbox 998 4277 1081 4351; x_wconf 86' lang='lat' dir='ltr'><strong>Non</strong></span> <span class='ocrx_word' id='word_1_494' title='bbox 1135 4301 1209 4348; x_wconf 88' lang='lat' dir='ltr'><strong>esse</strong></span> <span class='ocrx_word' id='word_1_495' title='bbox 1247 4279 1365 4350; x_wconf 89' lang='lat' dir='ltr'><strong>Deum</strong></span> <span class='ocrx_word' id='word_1_496' title='bbox 1401 4295 1595 4371; x_wconf 88' lang='lat' dir='ltr'><strong>separatam</strong></span> <span class='ocrx_word' id='word_1_497' title='bbox 1635 4300 1808 4372; x_wconf 90' lang='lat' dir='ltr'><strong>mentem,</strong></span> <span class='ocrx_word' id='word_1_498' title='bbox 1857 4301 2145 4381; x_wconf 52' lang='lat' dir='ltr'><strong>cognoscentem,</strong></span> 
     </span>
     <span class='ocr_line' id='line_1_40' title="bbox 80 4379 2127 4484; baseline -0.001 -23"><span class='ocrx_word' id='word_1_499' title='bbox 80 4387 339 4484; x_wconf 88' lang='lat' dir='ltr'><strong>poterantilli,</strong></span> <span class='ocrx_word' id='word_1_500' title='bbox 363 4381 624 4470; x_wconf 76' lang='lat' dir='ltr'><strong>oHermolai&#39;,</strong></span> <span class='ocrx_word' id='word_1_501' title='bbox 647 4386 732 4456; x_wconf 92' lang='lat' dir='ltr'><strong>dum</strong></span> <span class='ocrx_word' id='word_1_502' title='bbox 750 4385 912 4476; x_wconf 91' lang='lat' dir='ltr'><strong>legebant</strong></span> <span class='ocrx_word' id='word_1_503' title='bbox 928 4382 1081 4454; x_wconf 87' lang='lat' dir='ltr'><strong>incaelo</strong></span> <span class='ocrx_word' id='word_1_504' title='bbox 1133 4379 1275 4466; x_wconf 90' lang='lat' dir='ltr'><strong>omnia,</strong></span> <span class='ocrx_word' id='word_1_505' title='bbox 1317 4381 1485 4452; x_wconf 90' lang='lat' dir='ltr'><strong>omnibus</strong></span> <span class='ocrx_word' id='word_1_506' title='bbox 1526 4387 1787 4472; x_wconf 88' lang='lat' dir='ltr'><strong>consulentem,</strong></span> <span class='ocrx_word' id='word_1_507' title='bbox 1828 4411 1894 4457; x_wconf 90' lang='lat' dir='ltr'><strong>nec</strong></span> <span class='ocrx_word' id='word_1_508' title='bbox 1930 4403 2127 4479; x_wconf 90' lang='lat' dir='ltr'><strong>propterea,</strong></span> 
     </span>
     <span class='ocr_line' id='line_1_41' title="bbox 81 4481 2128 4583; baseline -0.001 -19"><span class='ocrx_word' id='word_1_509' title='bbox 81 4495 242 4572; x_wconf 86' lang='lat' dir='ltr'><strong>latorum</strong></span> <span class='ocrx_word' id='word_1_510' title='bbox 272 4491 383 4583; x_wconf 83' lang='lat' dir='ltr'><strong>leges,</strong></span> <span class='ocrx_word' id='word_1_511' title='bbox 423 4501 632 4558; x_wconf 88' lang='lat' dir='ltr'><strong>eventorum</strong></span> <span class='ocrx_word' id='word_1_512' title='bbox 656 4499 776 4568; x_wconf 84' lang='lat' dir='ltr'><strong>notas,</strong></span> <span class='ocrx_word' id='word_1_513' title='bbox 808 4488 972 4555; x_wconf 89' lang='lat' dir='ltr'><strong>ordinem</strong></span> <span class='ocrx_word' id='word_1_514' title='bbox 996 4487 1080 4556; x_wconf 91' lang='lat' dir='ltr'><strong>uni·</strong></span> <span class='ocrx_word' id='word_1_515' title='bbox 1134 4481 1231 4577; x_wconf 92' lang='lat' dir='ltr'><strong>quod</strong></span> <span class='ocrx_word' id='word_1_516' title='bbox 1253 4482 1419 4554; x_wconf 90' lang='lat' dir='ltr'><strong>universa</strong></span> <span class='ocrx_word' id='word_1_517' title='bbox 1439 4483 1544 4554; x_wconf 89' lang='lat' dir='ltr'><strong>etiarn</strong></span> <span class='ocrx_word' id='word_1_518' title='bbox 1568 4485 1687 4556; x_wconf 87' lang='lat' dir='ltr'><strong>infima</strong></span> <span class='ocrx_word' id='word_1_519' title='bbox 1705 4489 1841 4574; x_wconf 91' lang='lat' dir='ltr'><strong>videat,</strong></span> <span class='ocrx_word' id='word_1_520' title='bbox 1867 4514 1907 4559; x_wconf 91' lang='lat' dir='ltr'><strong>ac</strong></span> <span class='ocrx_word' id='word_1_521' title='bbox 1922 4493 2128 4562; x_wconf 88' lang='lat' dir='ltr'><strong>moderetur</strong></span> 
     </span>
     <span class='ocr_line' id='line_1_42' title="bbox 81 4585 2128 4684; baseline 0 -20"><span class='ocrx_word' id='word_1_522' title='bbox 81 4595 199 4678; x_wconf 78' lang='lat' dir='ltr'><strong>versi,</strong></span> <span class='ocrx_word' id='word_1_523' title='bbox 241 4593 404 4682; x_wconf 82' lang='lat' dir='ltr'><strong>legebant</strong></span> <span class='ocrx_word' id='word_1_524' title='bbox 430 4590 470 4658; x_wconf 93' lang='lat' dir='ltr'><strong>in</strong></span> <span class='ocrx_word' id='word_1_525' title='bbox 501 4590 683 4660; x_wconf 90' lang='lat' dir='ltr'><strong>elementis</strong></span> <span class='ocrx_word' id='word_1_526' title='bbox 705 4588 874 4658; x_wconf 89' lang='lat' dir='ltr'><strong>nascendi</strong></span> <span class='ocrx_word' id='word_1_527' title='bbox 905 4587 1016 4672; x_wconf 90' lang='lat' dir='ltr'><strong>vices,</strong></span> <span class='ocrx_word' id='word_1_528' title='bbox 1047 4601 1082 4660; x_wconf 88' lang='lat' dir='ltr'><strong>et</strong></span> <span class='ocrx_word' id='word_1_529' title='bbox 1134 4607 1229 4654; x_wconf 87' lang='lat' dir='ltr'><strong>esua</strong></span> <span class='ocrx_word' id='word_1_530' title='bbox 1248 4607 1333 4674; x_wconf 89' lang='lat' dir='ltr'><strong>pace</strong></span> <span class='ocrx_word' id='word_1_531' title='bbox 1349 4585 1501 4654; x_wconf 88' lang='lat' dir='ltr'><strong>nimium</strong></span> <span class='ocrx_word' id='word_1_532' title='bbox 1519 4587 1712 4672; x_wconf 86' lang='lat' dir='ltr'><strong>dimoveri,</strong></span> <span class='ocrx_word' id='word_1_533' title='bbox 1743 4591 1801 4658; x_wconf 90' lang='lat' dir='ltr'><strong>sed</strong></span> <span class='ocrx_word' id='word_1_534' title='bbox 1824 4595 1919 4684; x_wconf 89' lang='lat' dir='ltr'><strong>qnod</strong></span> <span class='ocrx_word' id='word_1_535' title='bbox 1945 4591 2017 4662; x_wconf 90' lang='lat' dir='ltr'><strong>dici</strong></span> <span class='ocrx_word' id='word_1_536' title='bbox 2038 4593 2128 4664; x_wconf 89' lang='lat' dir='ltr'><strong>solet</strong></span> 
     </span>
     <span class='ocr_line' id='line_1_43' title="bbox 79 4681 2127 4785; baseline -0 -18"><span class='ocrx_word' id='word_1_537' title='bbox 79 4695 265 4780; x_wconf 89' lang='lat' dir='ltr'><strong>obeundi,</strong></span> <span class='ocrx_word' id='word_1_538' title='bbox 300 4691 515 4785; x_wconf 87' lang='lat' dir='ltr'><strong>simplicium</strong></span> <span class='ocrx_word' id='word_1_539' title='bbox 545 4691 658 4776; x_wconf 88' lang='lat' dir='ltr'><strong>vires,</strong></span> <span class='ocrx_word' id='word_1_540' title='bbox 697 4690 885 4760; x_wconf 88' lang='lat' dir='ltr'><strong>mistorum</strong></span> <span class='ocrx_word' id='word_1_541' title='bbox 906 4701 1080 4781; x_wconf 85' lang='lat' dir='ltr'><strong>tempera-</strong></span> <span class='ocrx_word' id='word_1_542' title='bbox 1132 4681 1312 4758; x_wconf 72' lang='lat' dir='ltr'><strong>acclama</strong></span> <span class='ocrx_word' id='word_1_543' title='bbox 1324 4681 1376 4780; x_wconf 84' lang='grc' dir='ltr'><strong>μὴ</strong></span> <span class='ocrx_word' id='word_1_544' title='bbox 1393 4681 1569 4761; x_wconf 72' lang='lat' dir='ltr'><strong>xoerte‘rat.</strong></span> <span class='ocrx_word' id='word_1_545' title='bbox 1622 4689 1671 4760; x_wconf 84' lang='lat' dir='ltr'><strong>At</strong></span> <span class='ocrx_word' id='word_1_546' title='bbox 1685 4691 1777 4760; x_wconf 88' lang='lat' dir='ltr'><strong>dicet</strong></span> <span class='ocrx_word' id='word_1_547' title='bbox 1794 4691 1947 4776; x_wconf 82' lang='lat' dir='ltr'><strong>insulse,</strong></span> <span class='ocrx_word' id='word_1_548' title='bbox 1977 4697 2127 4782; x_wconf 88' lang='lat' dir='ltr'><strong>ruditer,</strong></span> 
     </span>
     <span class='ocr_line' id='line_1_44' title="bbox 80 4779 2126 4888; baseline -0.002 -16"><span class='ocrx_word' id='word_1_549' title='bbox 80 4815 201 4872; x_wconf 87' lang='lat' dir='ltr'><strong>turas:</strong></span> <span class='ocrx_word' id='word_1_550' title='bbox 234 4819 310 4868; x_wconf 90' lang='lat' dir='ltr'><strong>non</strong></span> <span class='ocrx_word' id='word_1_551' title='bbox 323 4808 507 4888; x_wconf 88' lang='lat' dir='ltr'><strong>poterant,</strong></span> <span class='ocrx_word' id='word_1_552' title='bbox 536 4793 702 4887; x_wconf 88' lang='lat' dir='ltr'><strong>inquam,</strong></span> <span class='ocrx_word' id='word_1_553' title='bbox 728 4793 852 4862; x_wconf 91' lang='lat' dir='ltr'><strong>eodem</strong></span> <span class='ocrx_word' id='word_1_554' title='bbox 867 4803 1024 4880; x_wconf 89' lang='lat' dir='ltr'><strong>tempore</strong></span> <span class='ocrx_word' id='word_1_555' title='bbox 1040 4791 1079 4860; x_wconf 92' lang='lat' dir='ltr'><strong>in</strong></span> <span class='ocrx_word' id='word_1_556' title='bbox 1133 4813 1206 4858; x_wconf 92' lang='lat' dir='ltr'><strong>non</strong></span> <span class='ocrx_word' id='word_1_557' title='bbox 1220 4779 1377 4858; x_wconf 81' lang='lat' dir='ltr'><strong>Latinis</strong></span> <span class='ocrx_word' id='word_1_558' title='bbox 1395 4789 1522 4860; x_wconf 87' lang='lat' dir='ltr'><strong>verbis.</strong></span> <span class='ocrx_word' id='word_1_559' title='bbox 1573 4787 1715 4880; x_wconf 87' lang='lat' dir='ltr'><strong>Quaeso</strong></span> <span class='ocrx_word' id='word_1_560' title='bbox 1741 4791 1820 4886; x_wconf 90' lang='lat' dir='ltr'><strong>quis</strong></span> <span class='ocrx_word' id='word_1_561' title='bbox 1836 4793 1875 4862; x_wconf 93' lang='lat' dir='ltr'><strong>in</strong></span> <span class='ocrx_word' id='word_1_562' title='bbox 1896 4795 2047 4866; x_wconf 90' lang='lat' dir='ltr'><strong>dubium</strong></span> <span class='ocrx_word' id='word_1_563' title='bbox 2067 4821 2126 4866; x_wconf 86' lang='lat' dir='ltr'><strong>rc-</strong></span> 
     </span>
    </p>
   </div>
   <div class='ocr_carea' id='block_1_3' title="bbox 72 4883 2127 5608">
    <p class='ocr_par' dir='ltr' id='par_1_3' title="bbox 72 4883 2127 5608">
     <span class='ocr_line' id='line_1_45' title="bbox 78 4883 2124 4992; baseline -0.002 -19"><span class='ocrx_word' id='word_1_564' title='bbox 78 4896 276 4984; x_wconf 86' lang='lat' dir='ltr'><strong>Cicerone,</strong></span> <span class='ocrx_word' id='word_1_565' title='bbox 302 4897 341 4967; x_wconf 90' lang='lat' dir='ltr'><strong>iu</strong></span> <span class='ocrx_word' id='word_1_566' title='bbox 359 4892 508 4980; x_wconf 87' lang='lat' dir='ltr'><strong>Plinio,</strong></span> <span class='ocrx_word' id='word_1_567' title='bbox 539 4895 578 4964; x_wconf 93' lang='lat' dir='ltr'><strong>in</strong></span> <span class='ocrx_word' id='word_1_568' title='bbox 595 4889 768 4992; x_wconf 84' lang='lat' dir='ltr'><strong>Apuleio,</strong></span> <span class='ocrx_word' id='word_1_569' title='bbox 792 4887 994 4962; x_wconf 85' lang='lat' dir='ltr'><strong>Romanae</strong></span> <span class='ocrx_word' id='word_1_570' title='bbox 1008 4893 1079 4962; x_wconf 89' lang='lat' dir='ltr'><strong>lin·</strong></span> <span class='ocrx_word' id='word_1_571' title='bbox 1132 4901 1234 4960; x_wconf 87' lang='lat' dir='ltr'><strong>vocet</strong></span> <span class='ocrx_word' id='word_1_572' title='bbox 1265 4903 1336 4960; x_wconf 92' lang='lat' dir='ltr'><strong>tarn</strong></span> <span class='ocrx_word' id='word_1_573' title='bbox 1366 4892 1498 4964; x_wconf 90' lang='lat' dir='ltr'><strong>rectius</strong></span> <span class='ocrx_word' id='word_1_574' title='bbox 1525 4883 1673 4960; x_wconf 86' lang='lat' dir='ltr'><strong>Scotum</strong></span> <span class='ocrx_word' id='word_1_575' title='bbox 1704 4885 1969 4989; x_wconf 87' lang='lat' dir='ltr'><strong>philosophari,</strong></span> <span class='ocrx_word' id='word_1_576' title='bbox 2017 4921 2124 4992; x_wconf 90' lang='lat' dir='ltr'><strong>quarn</strong></span> 
     </span>
     <span class='ocr_line' id='line_1_46' title="bbox 78 4991 2127 5096; baseline -0.002 -22"><span class='ocrx_word' id='word_1_577' title='bbox 78 5029 174 5096; x_wconf 81' lang='lat' dir='ltr'><strong>gnae</strong></span> <span class='ocrx_word' id='word_1_578' title='bbox 197 5002 446 5095; x_wconf 89' lang='lat' dir='ltr'><strong>proprietates,</strong></span> <span class='ocrx_word' id='word_1_579' title='bbox 484 4999 595 5086; x_wconf 81' lang='lat' dir='ltr'><strong>leges,</strong></span> <span class='ocrx_word' id='word_1_580' title='bbox 632 4996 876 5068; x_wconf 87' lang='lat' dir='ltr'><strong>observantias</strong></span> <span class='ocrx_word' id='word_1_581' title='bbox 897 5005 1079 5064; x_wconf 85' lang='lat' dir='ltr'><strong>annotare.</strong></span> <span class='ocrx_word' id='word_1_582' title='bbox 1132 4993 1194 5062; x_wconf 90' lang='lat' dir='ltr'><strong>ille</strong></span> <span class='ocrx_word' id='word_1_583' title='bbox 1214 4991 1375 5086; x_wconf 90' lang='lat' dir='ltr'><strong>loquitur</strong></span> <span class='ocrx_word' id='word_1_584' title='bbox 1397 4991 1583 5064; x_wconf 79' lang='lat' dir='ltr'><strong>ornatius?</strong></span> <span class='ocrx_word' id='word_1_585' title='bbox 1638 4991 1710 5064; x_wconf 89' lang='lat' dir='ltr'><strong>Sed</strong></span> <span class='ocrx_word' id='word_1_586' title='bbox 1735 4995 1816 5065; x_wconf 91' lang='lat' dir='ltr'><strong>vide</strong></span> <span class='ocrx_word' id='word_1_587' title='bbox 1841 4999 1928 5092; x_wconf 92' lang='lat' dir='ltr'><strong>quid</strong></span> <span class='ocrx_word' id='word_1_588' title='bbox 1946 4997 2127 5084; x_wconf 85' lang='lat' dir='ltr'><strong>differant,</strong></span> 
     </span>
     <span class='ocr_line' id='line_1_47' title="bbox 78 5087 2126 5198; baseline -0.002 -20"><span class='ocrx_word' id='word_1_589' title='bbox 78 5107 314 5198; x_wconf 83' lang='lat' dir='ltr'><strong>Quaerebant</strong></span> <span class='ocrx_word' id='word_1_590' title='bbox 344 5101 430 5194; x_wconf 92' lang='lat' dir='ltr'><strong>quid</strong></span> <span class='ocrx_word' id='word_1_591' title='bbox 462 5095 678 5180; x_wconf 87' lang='lat' dir='ltr'><strong>abhorrens,</strong></span> <span class='ocrx_word' id='word_1_592' title='bbox 717 5097 805 5192; x_wconf 90' lang='lat' dir='ltr'><strong>qnid</strong></span> <span class='ocrx_word' id='word_1_593' title='bbox 832 5111 1014 5188; x_wconf 88' lang='lat' dir='ltr'><strong>receptum</strong></span> <span class='ocrx_word' id='word_1_594' title='bbox 1039 5097 1079 5164; x_wconf 92' lang='lat' dir='ltr'><strong>in</strong></span> <span class='ocrx_word' id='word_1_595' title='bbox 1130 5087 1215 5164; x_wconf 90' lang='lat' dir='ltr'><strong>huic</strong></span> <span class='ocrx_word' id='word_1_596' title='bbox 1232 5117 1272 5162; x_wconf 93' lang='lat' dir='ltr'><strong>os</strong></span> <span class='ocrx_word' id='word_1_597' title='bbox 1288 5093 1503 5186; x_wconf 90' lang='lat' dir='ltr'><strong>insipidum,</strong></span> <span class='ocrx_word' id='word_1_598' title='bbox 1528 5091 1581 5162; x_wconf 94' lang='lat' dir='ltr'><strong>illi</strong></span> <span class='ocrx_word' id='word_1_599' title='bbox 1598 5095 1902 5190; x_wconf 82' lang='lat' dir='ltr'><strong>mensinsipiens3</strong></span> <span class='ocrx_word' id='word_1_600' title='bbox 1927 5094 2126 5174; x_wconf 89' lang='lat' dir='ltr'><strong>hicGram-</strong></span> 
     </span>
     <span class='ocr_line' id='line_1_48' title="bbox 75 5191 2126 5300; baseline -0.003 -19"><span class='ocrx_word' id='word_1_601' title='bbox 75 5223 229 5292; x_wconf 89' lang='lat' dir='ltr'><strong>natura,</strong></span> <span class='ocrx_word' id='word_1_602' title='bbox 261 5203 350 5300; x_wconf 89' lang='lat' dir='ltr'><strong>quid</strong></span> <span class='ocrx_word' id='word_1_603' title='bbox 370 5227 390 5273; x_wconf 87' lang='lat' dir='ltr'><strong>a</strong></span> <span class='ocrx_word' id='word_1_604' title='bbox 412 5195 602 5272; x_wconf 77' lang='lat' dir='ltr'><strong>Romanis</strong></span> <span class='ocrx_word' id='word_1_605' title='bbox 627 5201 778 5282; x_wconf 87' lang='lat' dir='ltr'><strong>interea,</strong></span> <span class='ocrx_word' id='word_1_606' title='bbox 804 5221 879 5270; x_wconf 92' lang='lat' dir='ltr'><strong>non</strong></span> <span class='ocrx_word' id='word_1_607' title='bbox 894 5197 1078 5268; x_wconf 88' lang='lat' dir='ltr'><strong>curabant.</strong></span> <span class='ocrx_word' id='word_1_608' title='bbox 1130 5194 1358 5278; x_wconf 86' lang='lat' dir='ltr'><strong>maticorum,</strong></span> <span class='ocrx_word' id='word_1_609' title='bbox 1390 5217 1438 5264; x_wconf 88' lang='lat' dir='ltr'><strong>nc</strong></span> <span class='ocrx_word' id='word_1_610' title='bbox 1466 5191 1657 5266; x_wconf 84' lang='lat' dir='ltr'><strong>Po&#39;c&#39;tarum</strong></span> <span class='ocrx_word' id='word_1_611' title='bbox 1688 5197 1802 5268; x_wconf 89' lang='lat' dir='ltr'><strong>dicam</strong></span> <span class='ocrx_word' id='word_1_612' title='bbox 1834 5203 1974 5274; x_wconf 87' lang='lat' dir='ltr'><strong>decreta</strong></span> <span class='ocrx_word' id='word_1_613' title='bbox 2003 5205 2126 5290; x_wconf 90' lang='lat' dir='ltr'><strong>nescit,</strong></span> 
     </span>
     <span class='ocr_line' id='line_1_49' title="bbox 73 5291 2124 5390; baseline -0.001 -10"><span class='ocrx_word' id='word_1_614' title='bbox 73 5310 217 5382; x_wconf 86' lang='lat' dir='ltr'><strong>Verum</strong></span> <span class='ocrx_word' id='word_1_615' title='bbox 241 5307 425 5378; x_wconf 87' lang='lat' dir='ltr'><strong>enimvero</strong></span> <span class='ocrx_word' id='word_1_616' title='bbox 447 5305 517 5374; x_wconf 90' lang='lat' dir='ltr'><strong>iam</strong></span> <span class='ocrx_word' id='word_1_617' title='bbox 537 5301 967 5374; x_wconf 87' lang='lat' dir='ltr'><strong>telocomeliorestatuo.</strong></span> <span class='ocrx_word' id='word_1_618' title='bbox 1020 5295 1076 5370; x_wconf 89' lang='lat' dir='ltr'><strong>Do</strong></span> <span class='ocrx_word' id='word_1_619' title='bbox 1130 5295 1191 5366; x_wconf 93' lang='lat' dir='ltr'><strong>ille</strong></span> <span class='ocrx_word' id='word_1_620' title='bbox 1208 5295 1279 5366; x_wconf 93' lang='lat' dir='ltr'><strong>Dei</strong></span> <span class='ocrx_word' id='word_1_621' title='bbox 1300 5309 1406 5390; x_wconf 89' lang='lat' dir='ltr'><strong>atque</strong></span> <span class='ocrx_word' id='word_1_622' title='bbox 1427 5307 1593 5384; x_wconf 81' lang='lat' dir='ltr'><strong>natarae3</strong></span> <span class='ocrx_word' id='word_1_623' title='bbox 1627 5291 1686 5368; x_wconf 90' lang='lat' dir='ltr'><strong>hic</strong></span> <span class='ocrx_word' id='word_1_624' title='bbox 1699 5299 1957 5375; x_wconf 79' lang='lat' dir='ltr'><strong>infantissimus</strong></span> <span class='ocrx_word' id='word_1_625' title='bbox 1971 5305 2124 5378; x_wconf 90' lang='lat' dir='ltr'><strong>dicendo</strong></span> 
     </span>
     <span class='ocr_line' id='line_1_50' title="bbox 72 5395 2125 5506; baseline -0.004 -18"><span class='ocrx_word' id='word_1_626' title='bbox 72 5413 147 5488; x_wconf 91' lang='lat' dir='ltr'><strong>tibi</strong></span> <span class='ocrx_word' id='word_1_627' title='bbox 167 5407 428 5506; x_wconf 90' lang='lat' dir='ltr'><strong>eloquentiam,</strong></span> <span class='ocrx_word' id='word_1_628' title='bbox 457 5419 492 5478; x_wconf 87' lang='lat' dir='ltr'><strong>et</strong></span> <span class='ocrx_word' id='word_1_629' title='bbox 513 5405 722 5495; x_wconf 83' lang='lat' dir='ltr'><strong>sapientiam</strong></span> <span class='ocrx_word' id='word_1_630' title='bbox 751 5415 877 5473; x_wconf 91' lang='lat' dir='ltr'><strong>mutuo</strong></span> <span class='ocrx_word' id='word_1_631' title='bbox 899 5423 994 5472; x_wconf 85' lang='lat' dir='ltr'><strong>nexu</strong></span> <span class='ocrx_word' id='word_1_632' title='bbox 1017 5399 1076 5472; x_wconf 87' lang='lat' dir='ltr'><strong>in-</strong></span> <span class='ocrx_word' id='word_1_633' title='bbox 1128 5396 1236 5468; x_wconf 78' lang='lat' dir='ltr'><strong>scntit</strong></span> <span class='ocrx_word' id='word_1_634' title='bbox 1257 5421 1318 5482; x_wconf 87' lang='lat' dir='ltr'><strong>ea,</strong></span> <span class='ocrx_word' id='word_1_635' title='bbox 1343 5419 1434 5490; x_wconf 89' lang='lat' dir='ltr'><strong>quae</strong></span> <span class='ocrx_word' id='word_1_636' title='bbox 1454 5395 1593 5469; x_wconf 87' lang='lat' dir='ltr'><strong>laudari</strong></span> <span class='ocrx_word' id='word_1_637' title='bbox 1608 5399 1759 5471; x_wconf 88' lang='lat' dir='ltr'><strong>dicendo</strong></span> <span class='ocrx_word' id='word_1_638' title='bbox 1775 5403 1860 5476; x_wconf 88' lang='lat' dir='ltr'><strong>satis</strong></span> <span class='ocrx_word' id='word_1_639' title='bbox 1874 5429 1949 5476; x_wconf 93' lang='lat' dir='ltr'><strong>non</strong></span> <span class='ocrx_word' id='word_1_640' title='bbox 1964 5419 2125 5500; x_wconf 85' lang='lat' dir='ltr'><strong>possunt,</strong></span> 
     </span>
     <span class='ocr_line' id='line_1_51' title="bbox 72 5497 1997 5608; baseline -0.003 -21"><span class='ocrx_word' id='word_1_641' title='bbox 72 5517 196 5592; x_wconf 61' lang='lat' dir='ltr'><strong>ostem</strong></span> <span class='ocrx_word' id='word_1_642' title='bbox 222 5509 450 5608; x_wconf 69' lang='lat' dir='ltr'><strong>conspirasse.</strong></span> <span class='ocrx_word' id='word_1_643' title='bbox 506 5503 763 5582; x_wconf 77' lang='lat' dir='ltr'><strong>Abiunxeruut</strong></span> <span class='ocrx_word' id='word_1_644' title='bbox 784 5497 997 5598; x_wconf 88' lang='lat' dir='ltr'><strong>Philosophi</strong></span> <span class='ocrx_word' id='word_1_645' title='bbox 1019 5525 1076 5574; x_wconf 91' lang='lat' dir='ltr'><strong>sa-</strong></span> <span class='ocrx_word' id='word_1_646' title='bbox 1129 5499 1312 5570; x_wconf 83' lang='lat' dir='ltr'><strong>illetando</strong></span> <span class='ocrx_word' id='word_1_647' title='bbox 1329 5497 1639 5594; x_wconf 87' lang='lat' dir='ltr'><strong>eloquentissimus</strong></span> <span class='ocrx_word' id='word_1_648' title='bbox 1654 5501 1817 5600; x_wconf 89' lang='lat' dir='ltr'><strong>loquitur</strong></span> <span class='ocrx_word' id='word_1_649' title='bbox 1830 5510 1997 5583; x_wconf 81' lang='lat' dir='ltr'><strong>nefanda.</strong></span> 
     </span>
    </p>
   </div>
   <div class='ocr_carea' id='block_1_4' title="bbox 0 0 2374 6186">
    <p class='ocr_par' dir='ltr' id='par_1_4' title="bbox 0 0 2374 6186">
     <span class='ocr_line' id='line_1_52' title="bbox 0 0 2374 6186; baseline 0 1"><span class='ocrx_word' id='word_1_650' title='bbox 0 0 2374 6186; x_wconf 95' lang='lat' dir='ltr'><strong> </strong></span> 
     </span>
    </p>
   </div>
  </div>
 </body>
</html>
