4748 6180
545 102 569 184 l

124 265 146 336 9
690 262 1128 346 EPISTULARUM
1179 271 1286 348 utu.
1319 275 1423 352 Xlll.
1478 278 1613 358 1557.
2123 288 2173 376 to

123 434 311 506 beatitudo
336 431 415 504 lilii.
466 430 580 527 Saepe
597 451 682 528 opto
700 453 851 514 mortens
866 455 906 514 nt
920 441 1038 516 viator
1052 469 1122 514 no-

126 552 179 609 ctu
213 537 284 608 iter
312 535 447 606 iaciens
468 549 566 628 optat
591 539 706 626 diem,
748 544 830 636 quia
852 545 974 616 videre
1001 567 1120 616 eoram

126 643 238 711 lucem
256 638 357 708 illam
376 637 501 732 cupio,
527 643 572 709 de
589 666 657 736 qun
675 667 771 714 nunc
789 669 830 716 ex
846 669 1006 718 sermone
1024 647 1119 716 divi-

124 743 218 814 nitus
243 739 377 814 tradito
401 753 435 812 et
460 764 525 810 nos
541 743 679 816 etalios
694 747 873 824 docemus.
924 747 1120 822 Moventur

123 845 280 934 ingentia
308 842 503 914 certamina
527 843 566 914 in
584 847 707 918 multis
720 848 806 922 locis
821 854 864 925 de
880 865 1006 926 natura
1024 853 1120 922 divi-

125 971 166 1018 na
191 946 232 1015 in
257 945 346 1020 lilio.
397 940 448 1016 Et
469 969 606 1018 mecum
630 949 813 1042 disputant
837 951 948 1022 vicini
972 954 1118 1047 qnidam

124 1053 165 1119 de
185 1071 228 1120 ea
251 1045 472 1142 quaestione.
523 1046 593 1120 Sed
612 1045 727 1122 Deum
744 1077 828 1140 oro,
852 1065 893 1125 ut
909 1077 975 1126 nos
988 1057 1118 1148 guber·

126 1165 189 1222 net.
254 1147 371 1220 Valde
399 1149 572 1242 optarim,
608 1175 674 1222 nos
699 1177 818 1226 coram
848 1155 1041 1251 aliquando
1072 1159 1144 1228 de·

126 1251 242 1326 multis
258 1251 369 1324 rebus
383 1249 540 1346 colloqui
558 1277 670 1345 posse.
709 1253 818 1330 Mitto
834 1259 900 1332 tibi
914 1259 1119 1352 responsio-

127 1381 183 1426 nes
209 1353 460 1446 grammaticas
487 1367 523 1426 et
548 1347 751 1443 historicas,
786 1385 875 1453 quas
897 1362 1049 1453 petiisti.
1082 1375 1116 1436 et

129 1483 186 1533 oco
209 1471 250 1528 nt
273 1451 365 1524 mihi
386 1453 581 1544 significes,
613 1483 661 1528 an
679 1453 776 1536 hune
795 1462 1002 1536 fasciculum
1018 1487 1117 1538 acce-

132 1559 234 1652 peris.
281 1557 331 1628 De
352 1557 418 1626 lilii
434 1553 628 1650 Epitaphio
651 1562 826 1652 cogitabo.
879 1563 1019 1636 Faciam
1042 1567 1117 1658 ipse

141 1659 169 1729 ei
194 1659 319 1752 aliquot
345 1681 486 1742 versus,
526 1685 605 1732 cum
634 1661 724 1732 velle
748 1675 782 1736 te
806 1661 873 1738 hoc
897 1667 1116 1740 intellexero.

137 1761 198 1834 Sed
209 1759 420 1852 significabis
434 1755 545 1847 mibi,
569 1787 616 1834 au
630 1759 830 1855 Epicedion
846 1769 1017 1864 scriptum
1032 1793 1115 1841 san-

130 1879 196 1936 ctae
221 1861 409 1934 Matronae
439 1863 581 1955 coniugi
609 1863 654 1938 D.
677 1859 815 1940 Islebr'r'
841 1873 943 1944 vobis
972 1873 1116 1964 placue-

127 1965 167 2036 rit
186 1960 236 2060 ⁸).
295 1962 397 2034 Bene
424 1979 460 2038 ει
487 1967 636 2038 feliciter
658 1971 748 2042 eale.
808 1972 874 2044 Die
897 1977 934 2050 2.
956 1971 1114 2046 lanuarii

124 2091 211 2137 anno
235 2065 347 2142 ¹667.

861 2170 1062 2272 Philippus.

218 2354 277 2430 De
292 2355 401 2428 verbo
417 2348 659 2456 ἐντυγχάνειν
670 2371 805 2432 certum
821 2375 884 2448 est,
910 2361 946 2434 id
963 2363 1111 2436 verbum

163 2459 367 2550 significare
392 2455 620 2550 interpellare
641 2461 697 2532 vel
720 2465 953 2556 compellare,
978 2463 1114 2536 velin-

162 2561 356 2635 tervenire.
407 2557 541 2630 Paulus
566 2585 609 2632 eo
634 2562 749 2636 utitur
772 2562 881 2639 Rom.
898 2563 980 2637 xl:
1013 2562 1113 2638 Elias

163 2663 361 2756 compellat
384 2661 498 2732 Deum
524 2678 646 2735 contra
674 2663 793 2741 lsrael.
853 2666 986 2740 Paulus
1010 2665 1110 2740 lTi·

163 2763 343 2840 moth.4.:
371 2763 610 2834 sanctificatur
622 2765 723 2837 cibus
738 2791 801 2860 per
816 2771 964 2841 verbum
980 2785 1015 2846 et
1030 2794 1112 2863 pre-

164 2871 357 2942 cationem.
421 2863 476 2936 lbi
509 2861 667 2950 ἔντευξις
696 2869 906 2964 simpliciter
938 2871 1112 2964 significat

164 2969 420 3064 precationem.
461 2963 654 3046 tTimoth.
668 2971 704 3047 2.
720 2965 895 3056 ἐντεύξεις
901 3024 915 3060 ,
941 2974 1110 3046 interces-

167 3075 296 3146 siones.
353 3066 597 3140 Nazianzenus
618 3071 658 3142 in
679 3074 843 3146 oratione
866 3077 912 3146 de
932 3076 1007 3146 filio
1030 3073 1111 3163 Dei,

169 3195 340 3245 marrona
354 3168 457 3241 Pauli
471 3170 589 3242 locum
606 3175 652 3243 ad
669 3172 824 3252 Roman.
841 3175 889 3264 8.,
916 3190 1035 3270 aperte
1051 3179 1111 3247 in-

170 3277 261 3372 quit:
296 3265 492 3372 πρεσβεύει
514 3270 566 3345 eo
579 3271 644 3346 καὶ
658 3280 732 3350 νῦν
744 3273 839 3375 ὑπὲρ
854 3283 919 3374 τῆς
932 3279 1020 3376 ἐμῆς
1036 3301 1110 3352 σω-

173 3373 310 3472 rqpiue:
345 3373 521 3466 legatione
539 3375 701 3467 fungitur
716 3379 820 3451 etiam
835 3407 932 3452 nunc
950 3405 1110 3475 promea

177 3481 289 3556 salute.
343 3475 442 3567 Quid
461 3475 532 3546 dici
554 3477 683 3550 clarius
698 3483 839 3572 potest?
887 3479 943 3556 Er
957 3483 1109 3577 scripto-

173 3583 269 3654 ribus
289 3576 472 3652 historicis
486 3578 598 3651 multa
615 3603 754 3672 possem
772 3583 973 3656 testimonia
990 3587 1109 3661 citare.

1214 447 1311 530 lica,
1335 475 1427 544 quua
1447 477 1521 524 nou
1544 473 1596 528 est
1612 479 1703 547 opus
1720 455 1873 529 recitari.
1925 453 2038 531 Potes·
2054 455 2169 548 inepi-

1221 573 1300 620 cere
1320 552 1448 639 locum,
1475 571 1509 628 et
1526 556 1561 624 in
1578 558 1732 630 lectione
1747 557 1910 630 omnium
1925 553 2166 632 hrunanorunr

1218 653 1431 744 scriptruum
1468 661 1604 732 candor
1637 660 1676 732 in
1712 660 1904 732 iudicando
1937 656 2166 732 adhibendus

1220 767 1287 840 est3
1315 770 1351 848 ct
1370 757 1552 832 interdum
1569 759 1739 838 ἐπιείκεια
1752 766 1895 834 accedat
1911 776 2058 856 propter
2073 777 2164 834 tem-

1220 881 1346 949 porum
1362 863 1601 936 confusiones.

1269 973 1322 1048 De
1337 968 1552 1076 Nicephoro
1574 983 1681 1066 scias,
1713 983 1936 1076 complexum
1958 978 2163 1065 esselristo-

1217 1075 1308 1148 riam
1325 1103 1345 1148 a
1364 1095 1523 1175 tempore
1539 1082 1793 1176 Apostolorum
1808 1108 1920 1179 usque
1937 1085 1982 1154 ad
2002 1081 2162 1176 Impera·

1218 1192 1330 1250 torem
1354 1178 1522 1260 Phocum.
1576 1185 1750 1260 Recensct
1774 1202 1810 1262 et
1832 1186 2069 1258 miserabilem
2085 1187 2161 1258 cxi«

1192 1333 1195 1341 .
1217 1293 1293 1352 tum
1313 1281 1541 1376 Imperatoris
1557 1287 1742 1377 Mauritii,
1772 1290 1874 1364 cuius
1894 1288 2068 1369 excellens
2085 1289 2161 1360 rir-

1183 1436 1187 1445 .
1216 1394 1273 1454 tus
1295 1383 1373 1460 luit.
1429 1387 1525 1462 Vixit
1543 1387 1770 1484 Nicephorus
1795 1405 1877 1464 ante
1891 1413 2007 1465 annos
2019 1390 2161 1464 circiter

1216 1487 1506 1580 quadringentos,
1528 1507 1686 1586 tempore
1700 1492 2057 1586 imperatorisgraeci
2068 1488 2160 1564 Em·

1216 1591 1409 1673 manuelis,
1452 1594 1516 1688 qui
1539 1595 1652 1668 lauras
1682 1611 1734 1668 eat
1760 1594 1955 1688 imperator
1979 1591 2161 1666 Constan-

1214 1691 1474 1786 tinopolitanus
1505 1721 1603 1768 anno
1638 1698 1752 1772 1142.
1813 1693 1869 1768 Eo
1905 1711 2062 1787 ternpore
2088 1696 2158 1766 tuit

1219 1790 1414 1886 imperator
1446 1799 1669 1888 germanicae
1693 1797 1881 1871 Conradus
1906 1795 2045 1868 Suevos
2078 1811 2159 1890 post

1213 1891 1425 1968 [rotharium
1452 1899 1642 1976 Saronem.
1699 1899 1769 1972 Hic
1796 1897 1985 1972 Conradus
2017 1897 2157 1970 Suevos

1214 1998 1321 2088 gessit
1334 1999 1468 2072 bellum
1482 2027 1563 2074 cum
1579 1999 1759 2095 Guelpho.
1784 2005 1874 2079 duce
1888 1999 2073 2084 Bavariae,
2092 1999 2157 2094 qui

1213 2102 1257 2170 ad
1283 2101 1454 2172 familiam
1478 2105 1649 2178 comitum
1665 2104 1891 2176 Zolreusium
1918 2103 2089 2195 pertinet,
2112 2126 2156 2172 ex

1214 2225 1284 2296 qua
1313 2217 1400 2274 suut
1421 2201 2053 2298 Moschiones'Brandenburqenses,
2091 2203 2156 2297 qui

1213 2326 1310 2374 nunc
1331 2299 1531 2376 Marchiam
1554 2321 1688 2382 tenent.
1740 2305 1943 2381 Obsederat
1966 2304 2155 2377 Concadus

1212 2428 1328 2476 arcem
1352 2398 1474 2477 Wr'ns
1500 2433 1590 2502 urg,
1615 2411 1767 2480 vicinam
1790 2410 1923 2501 oppido
1940 2405 2156 2490 Heilbronn,

1213 2507 1252 2576 in
1267 2531 1336 2602 qua
1351 2521 1427 2580 erat
1481 2503 1638 2608 uelplsus
1652 2535 1733 2582 cum
1748 2511 1899 2600 coniuge
1913 2523 1948 2582 et
1962 2509 2085 2580 multis
2100 2509 2154 2576 vi-

1212 2607 1262 2679 ris
1276 2621 1312 2680 et
1326 2611 1499 2683 matronis
1516 2613 1711 2688 nobilibus.
1748 2609 1940 2706 Desperata
1955 2622 2071 2680 autem
2091 2609 2153 2678 de-

1211 2710 1374 2782 fensione
1392 2713 1484 2784 arcis
1504 2716 1671 2786 mulieres
1694 2727 1837 2808 petunt,
1863 2713 1932 2784 sibi
1949 2709 2095 2782 concedi
2113 2723 2153 2780 ut

1211 2813 1281 2884 lide
1301 2814 1444 2906 publica
1466 2839 1508 2886 ex
1531 2841 1612 2887 arce
1637 2820 1675 2887 in
1691 2815 1879 2887 Bavariam
1903 2815 2048 2884 redeant
2070 2835 2151 2883 curn

1211 2917 1318 2986 rebus
1336 2937 1425 3010 quas
1445 2931 1580 3009 gestare
1597 2931 1751 3012 possent.
1801 2913 1975 2988 Concedit
1994 2913 2152 3007 Impera-

1209 3031 1278 3092 tor.
1329 3015 1503 3090 Mulieres
1522 3034 1709 3113 enportant
1724 3019 1820 3090 viros
1837 3032 1870 3090 et
1884 3041 2025 3112 pueros.
2078 3011 2151 3086 lm·

1211 3132 1353 3212 perator
1373 3121 1498 3192 videns
1518 3117 1610 3193 hanc
1633 3122 1824 3194 mulierum
1846 3119 2151 3209 virtutempscem

1209 3221 1304 3296 fecit.
1353 3219 1478 3298 Postea
1502 3221 1689 3296 Conradua
1710 3239 1745 3296 et
1768 3217 1958 3315 Guelphus
1982 3219 2089 3290 simul
2111 3217 2164 3287 in*

1211 3319 1331 3393 Asiam
1346 3323 1493 3417 proiecti
1508 3340 1613 3412 suut,
1640 3341 1677 3398 ut
1694 3326 1857 3396 iuvarent
1872 3326 1945 3410 eo's,
1970 3323 2034 3418 qui
2049 3343 2152 3392 recu-

1211 3441 1423 3520 peraverunt
1442 3425 1643 3505 ierusalem.
1691 3425 1794 3500 Circa
1811 3425 1872 3498 illa
1886 3439 2047 3520 tempora
2064 3419 2152 3492 vixit

1207 3522 1442 3622 Nicephorus.

170 3683 210 3756 ln
226 3683 351 3776 Pelop.
373 3679 493 3776 inquit
514 3677 746 3769 Plutarchus,
777 3697 969 3780 tyrannum
991 3682 1108 3758 Thes-
1172 3697 1179 3708 '

166 3785 316 3858 salicum
334 3779 570 3876 prohibuisse,
590 3807 637 3856 ne
650 3785 923 3858 admitterentur
937 3789 982 3858 ad
996 3787 1109 3882 capti-

166 3913 254 3962 vum
269 3885 476 3978 Pelopidam
491 3879 654 3958 homines
667 3885 857 3960 allocuturi
873 3911 967 3966 eum.
992 3881 1108 3964 Ἐειύ-

165 3997 279 4064 tow
302 3979 543 4086 ἐντυγχάνειν
564 3983 689 4086 nied.
718 3986 902 4081 prohibuit
919 3992 1104 4064 enm-allo-

165 4093 245 4188 qui.
279 4087 486 4161 Aristoteles
500 4091 566 4175 ait,
592 4093 812 4164 dialecticam
826 4092 915 4164 utile
927 4117 1002 4165 esse
1016 4089 1108 4189 πρὸς

165 4185 362 4276 ἐντεύξεις,
395 4193 465 4268 ie.
487 4193 532 4262 ad
547 4193 744 4366 collocppia,
775 4207 816 4266 ut
830 4196 959 4266 ordine
976 4207 1011 4267 et
1026 4209 1107 4289 apte

164 4294 327 4390 colloqui
344 4293 440 4370 inter
454 4315 490 4366 se
506 4293 642 4390 possint

166 4395 363 4494 inquirere.

223 4514 266 4586 lo
289 4509 450 4585 Eusedir'
467 4513 698 4586 ecclesiastiea
721 4509 871 4588 historia
891 4518 987 4589 libro
1009 4533 1106 4592 sexto

167 4619 283 4712 capite
310 4631 489 4713 postremo
514 4613 661 4709 epistola
689 4631 742 4690 est
760 4613 926 4716 Dionysii
950 4615 1106 4691 Alexan·

168 4719 268 4792 drini
288 4719 333 4790 ad
348 4717 547 4804 Nouatum,
570 4715 611 4787 in
632 4741 703 4814 qua
722 4733 805 4792 sunt
820 4715 906 4792 haec
920 4723 1045 4792 verba:
1072 4735 1108 4793 et

685 4297 717 4384 i,
747 4295 811 4392 qui
826 4298 954 4370 volunt
968 4297 1105 4395 aliquid

169 4837 246 4900 erat
273 4846 348 4894 non
376 4821 525 4897 inferior
549 4819 662 4910 gloria
685 4820 861 4894 sustinere
884 4823 1109 4918 martyrium,

169 4950 215 4996 ne
235 4923 420 4998 scindatur
431 4917 609 5008 Ecclesia,
635 4945 744 5018 quarn
761 4937 817 4998 est
830 4924 916 5012 illa,
940 4949 987 4996 ne
1000 4925 1108 4998 idolis

169 5025 384 5098 immoletur.
435 5021 560 5098 Postea
579 5037 781 5118 sequuntur
801 5027 907 5098 rerba
927 5020 1107 5123 hyperbo-

153 5257 185 5320 ε)
204 5253 235 5312 ra
253 5256 306 5312 a...
329 5219 490 5372 pompeo
502 5247 539 5373 ,εἳ
555 5249 650 5374 {²3⁸⁶
669 5245 922 5372 armonian.
934 5248 1104 5376 εεεάειυιεεε

179 5325 495 5476 „lacunela
514 5334 822 5470 “neuma
845 5339 939 5461 aa
955 5323 1105 5463 ...au

190 5466 257 5522 net.
270 5463 437 5537 Epopon.
454 5477 482 5531 p.
497 5455 584 5529 teta,
609 5465 719 5513 mat
729 5457 759 5515 d.
770 5459 812 5514 28·
828 5457 899 5518 Dec.
913 5459 993 5518 iffi·

782 5562 793 5595 Ι

1170 3929 1237 4004 No.
1252 3929 1367 4009 olto.

1162 4029 1374 4064 Μ

1488 4131 1569 4222 tu.
1596 4121 1829 4224 Hiidn'ero.

1261 4307 1361 4366 ttauttt
1379 4307 1479 4382 larnss.
1496 4328 1525 4382 p.
1538 4303 1591 4364 2⁴8
1601 4330 1644 4382 sq.

2010 3985 2148 4060 ..L-a·-

1246 4459 1474 4540 Clnrr'ssimo
1487 4463 1566 4540 ciro
1580 4463 1634 4540 D.
1649 4459 1701 4545 N.
1714 4461 1768 4542 N.
1782 4461 1821 4560 ⁹)
1849 4467 1969 4538 amico
1979 4487 2062 4547 suo,

1159 4605 1209 4696 S.
1240 4617 1284 4696 D.
1343 4615 1540 4714 Aliquanto
1566 4617 1686 4690 minus
1708 4617 1877 4688 deformis
1904 4629 1956 4688 est
1981 4613 2153 4699 Ecclesia,

1160 4747 1241 4814 curn
1256 4719 1361 4792 multi
1377 4720 1489 4790 nostri
1504 4721 1642 4792 ordinis
1658 4723 1755 4812 pium
1769 4741 1979 4790 consensum
1995 4729 2151 4798 tuentur,

1160 4839 1195 4896 et
1216 4821 1506 4896 coniunctionem
1531 4835 1663 4894 amant.
1713 4817 1836 4909 Quare
1860 4847 1941 4892 cum
1964 4819 2067 4892 video
2089 4830 2150 4888 aut

1159 4926 1269 4996 audio
1288 4925 1405 4994 bonos
1419 4937 1454 4996 et
1474 4925 1598 4994 doctos
1614 4921 1730 5008 virus,
1763 4935 1798 4992 et
1817 4923 1958 4994 iudiciis
1971 4935 2006 4994 et
2020 4919 2151 4990 volun·

1159 5029 1292 5100 tatibus
1307 5027 1494 5096 nobiscum
1507 5045 1713 5112 congruere,
1736 5036 1773 5095 et
1787 5019 1965 5094 Ecclesiae
1977 5037 2012 5094 et
2027 5033 2150 5092 nostra

1159 5151 1261 5199 causa
1293 5129 1440 5216 gaudeo.
1503 5123 1592 5194 Sum
1618 5125 1728 5216 igitur
1754 5137 1789 5196 et
1814 5120 2053 5198 honestissimi
2080 5121 2149 5192 viri

1159 5235 1268 5322 patris
1293 5228 1344 5299 tui
1370 5247 1579 5318 congressu,
1610 5240 1645 5300 et
1663 5225 1733 5297 tuis
1748 5225 1861 5296 literis
1877 5226 1981 5298 valde
1997 5225 2148 5296 delecta·

1157 5385 1363 5402 W

1190 5457 1219 5526 *l
1232 5453 1276 5536 ,G-
1289 5451 1471 5512 Mhi&
1482 5451 1627 5526 officiaris
1637 5469 1760 5513 mr
1783 5450 1818 5510 Y.
1827 5451 1975 5512 uotam.
