4748 6180
19 328 27 354 '
163 375 239 432 vm
548 329 549 334 '
637 445 643 456 ¹
776 353 1046 434 ansanus
1081 357 1265 436 arran
1298 359 1433 464 nno.
1489 365 1621 440 assa.

188 474 272 644 A&
305 569 409 634 Tertia
422 573 550 654 epistola
566 566 667 636 Nicol.
687 565 768 634 Galli
787 571 826 632 ad
841 567 1080 642 Melanthouem.

212 697 272 762 27.
304 690 425 754 Flacins
442 687 583 772 illyricus
599 702 724 752 vocatur
741 693 774 751 in
789 689 988 752 Academiam
1004 688 1169 758 lonensem.

192 795 273 964 ΜΤ
305 895 379 961 Mel.
393 896 593 979 praeliaturis
610 892 729 994 Hubqri
744 899 967 977 epigrammata.

239 1025 273 1086 2.
307 1011 442 1094 iudicat,
467 1035 504 1076 ιιι
521 1017 642 1076 mutiet
658 1014 742 1077 surdi
760 1015 938 1122 admittendi
952 1020 1012 1078 siut
1027 1017 1065 1078 ad
1082 1015 1216 1080 Coenam
1231 1041 1255 1079 s.
1374 1031 1385 1056 t

214 1125 273 1192 28·
308 1131 501 1224 Germaniam
515 1131 615 1197 Taciti
631 1139 740 1196 iterum
754 1136 866 1198 editam
881 1138 959 1220 dicqt
972 1133 1087 1199 Baroni
1103 1141 1139 1198 ab
1154 1135 1293 1219 Ungnad.

204 1267 273 1334 lun·
307 1335 434 1402 Ineunte
450 1359 552 1400 mense
565 1335 742 1400 Melanthon
756 1341 879 1401 interest
892 1343 1008 1422 nuptiis
1023 1337 1151 1402 licronis
1166 1360 1184 1400 a
1200 1337 1303 1402 Beust.

113 1467 115 1470 ’
241 1443 274 1506 3·
308 1457 472 1535 Albertus,
496 1453 633 1520 Marahic
648 1454 839 1536 Brandenb.,
864 1464 994 1521 moritur
1009 1457 1204 1521 Pi'orzhemii.

215 1564 273 1626 1¹·
308 1577 489 1643 Melanthon
503 1567 671 1640 orationem
686 1577 806 1642 Nicolai
819 1578 982 1662 Agricolae
996 1583 1130 1644 editurus
1145 1594 1175 1642 et
1188 1597 1329 1645 aucturus
1343 1597 1395 1646 est.

216 1680 274 1746 1⁶·
309 1699 484 1766 Conventus
500 1695 679 1782 Principum
695 1695 921 1780 Palatinarum,
948 1697 1263 1782 Wiirternbergensis,
1289 1701 1502 1766 Hassiacorum
1522 1717 1551 1767 et
1567 1701 1809 1771 Nassaviensium
1826 1729 1991 1794 eorumque
2011 1713 2227 1795 theologorum
2334 1687 2335 1690 Ἴ

359 1800 591 1864 Francoiordiae
613 1814 738 1885 propter
763 1805 876 1865 instans
906 1809 1096 1890 colloquium
1117 1803 1357 1872 Wormatieuse.
1418 1805 1492 1870 Vid.
1517 1807 1627 1885 Suligr'r'
1653 1805 1780 1895 ¹§illusit
1806 1811 1856 1878 btt
1875 1809 1991 1896 bugib.
2013 1810 2139 1896 bonithi
2161 1815 2223 1878 ill.

358 1929 390 1989 p.
411 1909 480 1976 257
497 1927 563 1989 sqq.

218 2006 274 2072 ¹⁸·
308 2023 486 2088 Melanthon
503 2037 618 2086 enarrat
633 2021 848 2088 Demosthenis
864 2029 1031 2088 orationem
1048 2026 1085 2086 de
1100 2047 1221 2087 corona.

77 2137 80 2142 '
214 2118 276 2184 lul.

242 2224 275 2289 4·
310 2231 465 2298 Antonius
482 2229 579 2312 Otto,
605 2229 710 2296 Pastor
727 2231 945 2296 Nordhusanus
965 2233 1026 2294 edit
1047 2237 1291 2316 propositiones,
1317 2238 1349 2296 in
1367 2221 1478 2320 quibus
1494 2241 1584 2299 etiam
1605 2238 1698 2302 haec:
1725 2261 1842 2303 summe
1858 2262 1904 2304 ars
1920 2237 2161 2304 Christianorum
2183 2259 2228 2305 est
2261 2307 2267 2312 ,

361 2341 474 2399 nescire
491 2341 599 2418 legem.

118 2546 121 2552 ,
219 2453 275 2514 13·
309 2453 488 2518 Melanthon
504 2456 607 2516 scribit
621 2453 659 2514 ad
675 2451 822 2536 Senatum
836 2453 1137 2516 Francoi'ordiensem
1153 2456 1190 2516 de
1205 2460 1368 2520 tolerandis
1383 2463 1523 2523 exulibus
1538 2485 1578 2523 ex
1594 2462 1719 2545 Anglia.

311 2579 385 2645 Mel.
404 2579 452 2640 ad
456 2575 717 2654 Camerariumr,
721 2573 890 2653 ,Animum
908 2575 1004 2636 habeo
1027 2567 1087 2638 huc
1107 2588 1244 2657 tempore
1262 2599 1334 2640 cura
1347 2575 1489 2640 Rhanani
1512 2582 1627 2644 itineris
1648 2596 1840 2666 occupatum.
1891 2581 1961 2644 Non
1983 2589 2024 2646 ita
2041 2581 2179 2668 Scyllam
2199 2603 2230 2650 et
2288 2605 2298 2616 ·

363 2679 538 2764 Charybdin
552 2679 675 2761 Ulysses
689 2682 810 2756 metuit,
837 2691 942 2760 ntego
959 2679 1056 2740 diram
1070 2680 1255 2761 sophisticen
1271 2695 1301 2742 et
1315 2683 1428 2742 rabiem
1441 2681 1688 2768 hypocritarum,
1711 2689 1816 2748 malim
1832 2687 1916 2748 domi
1933 2710 2003 2749 curn
2018 2691 2136 2752 filiabus
2153 2697 2230 2754 rueis

363 2785 461 2848 dicere
477 2787 541 2867 pias
553 2785 757 2866 precationes,
785 2801 877 2866 quam
892 2785 966 2843 alibi
981 2779 1136 2864 Sphingae
1152 2789 1318 2868 aenigmata
1332 2782 1467 2847 audiress'
1642 2803 1644 2808 ·

219 2897 278 2958 23·
310 2901 488 2968 Mandatum
502 2903 608 2981 habet,
635 2914 669 2964 ut
683 2898 803 2966 cumP.
827 2897 927 2964 Ebero
944 2897 1027 2965 etG.
1046 2899 1239 2968 Craccviod.
1254 2911 1313 2975 29.
1329 2903 1387 2972 lul.
1408 2911 1465 2970 iter
1480 2908 1664 2989 ingrediatur
1682 2913 1719 2973 ad
1733 2915 1924 2995 colloquium
1939 2910 2177 2977 Wormatieuse.

220 3010 278 3078 2⁶·
312 3023 492 3089 Melanthea
507 3033 662 3104 expectat,
687 3042 718 3081 se
732 3018 926 3083 Wormatiae
944 3043 1100 3103 opressum
1113 3027 1182 3084 iria
1198 3024 1404 3106 sycophantia

221 3131 279 3196 29·
312 3145 427 3208 Paulus
440 3143 592 3204 Lutherus
609 3146 802 3204 renunciatur
816 3147 849 3206 in
864 3141 1031 3206 Academia
1044 3141 1165 3206 Witeb.
1183 3145 1289 3214 doctor
1306 3153 1375 3211 artis
1393 3151 1537 3212 medicae.

137 3265 139 3268 ’
218 3249 277 3312 ⁸⁰·
311 3264 501 3328 Melanthoni
516 3265 710 3346 praecipitur,
737 3273 771 3322 ut
787 3262 824 3342 ed
839 3275 1024 3326 conventum
1040 3267 1255 3344 proficiscatur,
1283 3291 1374 3352 quern
1387 3292 1442 3333 rex
1456 3267 1571 3332 Daniae
1587 3271 1624 3332 de
1640 3277 1842 3336 controversia
1860 3272 1896 3336 de
1914 3271 2016 3338 Coena
2031 3301 2053 3338 s.
2072 3279 2225 3341 habiturus

364 3381 443 3447 erat;
471 3367 555 3452 quod
569 3387 640 3428 vero
655 3369 712 3425 iter
725 3385 788 3426 non
803 3365 887 3434 fecit
939 3363 1013 3429 vid.
1030 3389 1077 3449 ep.
1098 3375 1131 3438 6.
1150 3367 1234 3450 Aug.

142 3487 145 3494 ’
195 3463 277 3529 Au.

246 3487 277 3638 lg·
311 3572 474 3656 Augustus
496 3565 572 3632 Dux
597 3565 671 3635 Sax.
693 3565 815 3630 Elector
822 3573 983 3654 ,eiusque
1005 3592 1085 3634 uxor
1098 3569 1207 3652 Anne,
1232 3576 1264 3636 in
1285 3571 1416 3639 Danianr
1433 3583 1671 3662 proficiscuntur.
1724 3563 1863 3671 Reliquit
1885 3591 2078 3664 mandatum,
2104 3609 2142 3648 ne
2159 3583 2230 3648 Ille-
2247 3543 2251 3556 ·

363 3675 491 3739 lunthou
508 3677 592 3757 prius
606 3669 815 3737 Wcrmatiam
832 3675 1036 3756 proficiscatur
1051 3697 1143 3761 quam
1158 3679 1278 3740 iusserit
1289 3675 1475 3746 Mordisinus
1491 3681 1702 3749 Cancellarius

246 3793 280 3859 6·
313 3791 491 3858 Melanthon
506 3793 679 3876 prael'atur'
669 3817 703 3856 ru
718 3790 847 3857 Palladii
861 3799 1032 3880 catalogum
1044 3797 1222 3860 haeresium.

245 3915 279 3980 9·
312 3915 432 3978 Flacius
448 3913 609 3996 theologos
623 3938 693 3978 suae
706 3921 798 3998 partis
811 3922 949 3997 iustruit
977 3919 1050 4002 qnid
1064 3941 1151 4000 agere
1170 3921 1296 3980 debeant
1309 3915 1502 3979 Wormatiae
1518 3925 1548 3979 in
1565 3925 1729 4004 colloquio.

222 4021 281 4082 12·
314 4017 492 4083 Melanthon
508 4019 686 4100 praefatur
676 4042 710 4080 ιιι
730 4015 887 4081 Sohosreri
902 4024 1041 4082 libellum
1056 4023 1093 4082 de
1108 4019 1334 4083 Marchionibns
1349 4017 1468 4080 Brande
1470 4024 1546 4080 nbn
1533 4043 1576 4100 g

222 4116 280 4183 14.
314 4121 493 4186 Melanthon
507 4121 693 4184 auditoribus
708 4126 770 4184 suis
784 4123 925 4183 valedicit
935 4123 1159 4204 ,prolecturus
1173 4123 1391 4185 Wormatiarn.

224 4225 280 4292 1ss
315 4220 699 4310 praelatur'rnTom.1X.
717 4219 1241 4307 opp.Lutherigermanicorumad
1258 4222 1606 4303 OttonemHenricum,
1634 4189 2004 4300 Palatinumbilectcrem.

224 4327 281 4392 18·
314 4335 347 4392 in
367 4333 474 4390 itinere
484 4341 528 4389 est
540 4323 784 4410 Eckardsbergae
797 4351 867 4390 curn
885 4332 1046 4390 comitibus
1057 4325 1176 4408 Ebora,
1203 4329 1335 4392 Peucero
1352 4341 1381 4390 et
1397 4325 1554 4390 Cracovio.

221 4431 280 4496 20·
313 4433 433 4496 Flauius
449 4434 564 4514 legatos
580 4429 801 4496 Wimarienses
817 4432 951 4494 incendit
968 4433 1107 4494 adversus
1124 4431 1363 4498 Melanthonem.

223 4533 279 4596 23.
314 4535 493 4598 Melanthea
506 4532 690 4598 Academiae
705 4533 911 4618 Morburgensi
921 4533 935 4614 ,'
956 4535 1009 4596 nbi
1023 4535 1187 4600 honorilice
1205 4549 1349 4618 exceptus
1366 4547 1427 4613 est,
1451 4555 1569 4596 carmen
1585 4538 1695 4598 scribit.

225 4637 269 4702 26
313 4637 562 4702 Francoi'ordiam
574 4637 753 4720 ingreditur,
1420 4644 1423 4650 ’

196 4749 280 4818 ¹28·
313 4757 521 4826 Wormatiam
541 4761 636 4820 venit.

221 4875 280 4938 81.
313 4875 445 4942 Basilius
469 4872 655 4954 Mounerus,
688 4879 804 4956 legatus
827 4867 1104 4939 Whneriensisde
1126 4873 1323 4938 Melanthcne
1344 4873 1437 4936 haec:
1473 4921 1493 4954 „
1503 4889 1656 4960 quotquot
1678 4891 1748 4940 sunt
1773 4879 1824 4940 hic
1847 4875 2070 4958 (Wormatiae)
2090 4881 2227 4964 theologi

363 4993 533 5042 nostrarum
547 4981 699 5062 partium,
727 5000 798 5038 eum
818 4977 1078 5058 (hlelanthonem)
1094 4979 1259 5042 honorifice
1279 4989 1480 5058 exceperunt,
1507 4993 1673 5042 reverenter
1690 4995 1719 5042 et
1736 4983 1820 5064 qussi
1843 5001 1955 5042 numen
1973 4981 2107 5044 adorant.
2159 4983 2229 5046 Nu-

363 5084 430 5146 dius
451 5087 558 5144 tertius
577 5082 623 5162 (d.
643 5085 701 5150 29.
718 5079 824 5164 Aug.)
850 5105 867 5143 a
890 5089 1036 5144 concione
1061 5105 1129 5144 cnm
1150 5083 1260 5166 egressi
1281 5101 1416 5160 eramus,
1443 5101 1547 5145 ornnes
1572 5105 1643 5145 enm
1664 5087 1830 5146 salutabant
1850 5097 1882 5144 ut
1906 5075 2147 5168 praeceptorum
2173 5107 2228 5164 ego

359 5183 470 5266 procul
481 5179 632 5247 stubam.’'

192 5281 276 5370 Sept.

243 5392 275 5460 5.
311 5379 505 5450 Conveniunt
529 5385 619 5462 legati
638 5371 817 5461 Principum
837 5396 866 5442 et
880 5375 1034 5462 Theologi
1048 5375 1246 5461 Evangelicee
1266 5385 1357 5462 partis
1372 5379 1583 5460 Wonnats'ae,
1610 5387 1664 5446 ubi
1681 5381 1902 5449 Wimarienses
1925 5402 2048 5470 petunt,
2074 5405 2107 5453 ut
2130 5394 2226 5472 prius,

359 5507 451 5571 quam
465 5485 581 5568 aliquid
597 5505 668 5545 cum
684 5483 840 5545 catholicis
856 5497 977 5564 agatur,
1004 5486 1126 5566 publice
1139 5484 1317 5546 damnentur
1336 5481 1531 5568 zuinglium,
1560 5483 1704 5550 Osiandri
1720 5488 1867 5567 doctrina,
1894 5496 2063 5574 propositio
2086 5489 2227 5576 (Georgii

359 5587 519 5670 Maiorisjr
544 5589 624 5652 bona
641 5607 729 5669 opera
745 5609 807 5648 esse
824 5588 861 5648 ad
877 5591 1002 5650 salutern
1018 5591 1200 5664 necessaria,
1226 5601 1255 5648 et
1271 5577 1505 5672 Adiaphoristae
1521 5588 1716 5674 (Melanthon
1732 5607 1760 5654 et
1777 5590 2050 5676 Witebergenses).
