4702 6180
117 279 178 354 tat
673 266 1111 350 EPISTOLARUM
1160 267 1269 348 LlB.
1294 268 1396 350 Xlll.
1450 271 1583 354 1557.
2072 281 2146 354 tet

111 451 147 520 in
165 445 349 538 agnitione
374 461 409 520 et
427 447 558 520 fiducia
581 446 718 518 domini
743 445 856 516 nostri
874 442 955 518 lesu
970 439 1103 520 Christi
1156 442 1325 536 scriptam
1341 447 1603 536 nonprofuisse
1618 441 1988 548 apudFesqursos*).
2031 448 2149 540 Quale

110 567 141 622 et
159 543 311 622 honesta
333 575 474 622 morum
495 551 754 640 gubernatione
773 549 943 644 declarat.
993 542 1103 620 Cons-
1154 546 1201 616 sit
1228 569 1377 636 regnum
1401 547 1567 636 illorum,
1606 551 1669 644 qui
1692 549 1742 622 cis
1763 553 1950 646 praecipue
1971 553 2149 623 adversati
2221 543 2225 551 ¹

107 653 232 722 mendo
250 653 360 743 igitur
375 647 474 724 hunc
491 653 691 724 modestum
715 665 750 722 ct
765 651 964 722 studiosum
980 649 1102 722 adole-
1152 661 1256 733 sunt,
1282 674 1356 719 non
1382 649 1543 740 ignoras,
1577 655 1673 746 quod
1696 648 1861 725 homines
1879 653 2030 726 modesti
2047 669 2147 724 tran-

107 765 258 824 scentem
281 750 483 847 orphanum
498 755 666 824 omuibus
680 749 838 824 honestis
853 752 958 837 viris,
992 763 1027 822 et
1042 771 1102 822 eos
1151 749 1339 844 quillitatis
1354 751 1517 844 publicae
1530 777 1632 824 causa
1644 756 1763 828 ferunt
1777 771 1966 846 gementes,
1991 781 2145 851 quorum

106 881 182 941 oro,
214 870 262 926 ot
283 856 477 948 cogitantes
494 857 538 926 de
554 856 735 926 communi
751 853 901 926 orbitate
924 867 959 924 et
976 849 1101 924 Eccle-
1152 853 1314 924 exaudiet
1328 851 1425 925 Deus
1439 869 1520 928 vuta
1543 869 1577 927 et
1594 851 1803 952 lachrymas.
1853 853 2009 950 Expecto
2032 871 2064 928 et
2080 858 2145 928 fla-

105 959 167 1028 siae
191 970 232 1027 et
252 959 415 1028 omnium
431 953 618 1028 hominum
634 958 746 1048 magis
767 956 839 1027 sint
856 955 1003 1026 officiosi
1019 977 1100 1045 erga
1151 953 1223 1046 gito
1246 968 1323 1026 tuas
1344 957 1475 1028 literas.
1533 955 1631 1028 Haec
1647 959 1770 1052 scripsi
1785 951 1943 1056 Lipsiae
1956 961 2049 1053 apud
2065 952 2145 1030 Ca-

104 1056 285 1151 orphanos
306 1062 496 1134 modestos.
557 1058 724 1130 Vidimus
745 1058 840 1128 enim
858 1080 962 1128 verae
977 1051 1102 1128 Eccle·
1150 1055 1373 1146 mererium,
1406 1059 1508 1130 cuius
1528 1061 1594 1130 tibi
1614 1061 1735 1131 literas
1758 1063 1871 1135 mitto.
1931 1053 2145 1159 Carporum

103 1163 164 1232 siae
186 1163 316 1234 deesse
338 1157 496 1234 humana
518 1161 704 1252 praesidia.
771 1155 820 1232 Et
843 1160 965 1232 nullus
992 1153 1100 1230 homo
1151 1181 1319 1249 generum
1342 1185 1461 1231 meum
1486 1157 1593 1232 hodie
1616 1177 1848 1252 expectamus.
1899 1161 1997 1236 Bene
2015 1177 2048 1234 et
2065 1165 2145 1234 leli-

103 1265 167 1334 sine
195 1263 327 1336 divina
350 1264 569 1358 protectione
596 1277 694 1336 tutus
722 1276 791 1348 est;
831 1261 922 1334 sicut
942 1261 1101 1354 psalmus
1150 1261 1236 1334 citer
1252 1263 1340 1338 vale.
1394 1259 1462 1334 Die
1478 1261 1602 1336 Martii
1618 1265 1682 1340 28.

102 1365 234 1460 inqrsit:
270 1363 349 1436 rsisi
363 1359 535 1436 domiuus
547 1361 705 1436 custodit
720 1363 920 1446 civitotm,
946 1360 1100 1462 frustra

104 1463 234 1563 u'gilot
249 1465 322 1567 qui
332 1459 489 1539 custodit
504 1491 596 1543 sam.

197 1565 343 1640 Omnes
359 1571 469 1661 igitur
484 1595 505 1642 a
519 1570 595 1642 Deo
610 1568 784 1640 auxilium
807 1581 842 1640 et
857 1566 1099 1640 defensionem
1148 1595 1216 1670 No·
1228 1597 1344 1674 6216·
1981 1619 2037 1682 31·
2053 1609 2144 1678 mm·

107 1685 249 1766 propter
264 1671 382 1742 lilium
396 1673 626 1744 mediatorem
649 1684 821 1764 petamus.
872 1669 986 1746 Datae
1003 1691 1099 1738 anno
1156 1691 1327 1727 *aa
1974 1701 2144 1732 w

108 1771 209 1852 1557.
229 1773 293 1846 die
314 1769 377 1850 25.
402 1771 547 1859 Martii,
591 1797 663 1868 quo
685 1773 847 1844 dicante
868 1770 1099 1843 annos1523
1413 1802 1565 1889 powg·
1596 1801 1863 1894 Commio

107 1875 191 1948 ilius
213 1875 287 1952 Dei
311 1877 353 1946 in
376 1899 479 1948 cruce
498 1877 642 1946 victima
666 1876 779 1946 lactus
801 1887 872 1960 est,
905 1897 976 1968 quo
992 1871 1052 1944 die
1065 1886 1100 1944 et
1863 1870 1875 1896 ⁹

114 1979 212 2050 bdem
235 1991 274 2050 et
301 1975 442 2050 Hevam
462 1980 631 2052 scribitur
657 1991 794 2050 creatos
819 1997 893 2048 esse
923 1989 1006 2048 ante
1033 1997 1099 2046 an-
1217 1969 1629 2046 lebadeae-nutu·
1648 1973 2086 2054 (el·1·0⁰d·¹il·¹l·⁸r·⁸⁵9·l

118 2103 170 2152 uos
186 2077 301 2155 5519.

1148 2119 1310 2209 clariss.
1348 2132 1426 2204 viro
1466 2130 1671 2207 eruditione
1707 2144 1740 2207 et
1775 2135 1906 2211 virtute
1935 2115 2146 2240 prdestorsti

625 2207 815 2304 Philippus
832 2204 1047 2325 Melanthon
1149 2229 1176 2304 I
1182 2229 1394 2308 durisimo
1416 2229 1690 2310 Camerario
1706 2238 1835 2338 fratri
1852 2265 1922 2314 suo
1939 2242 2144 2326 carissimo,

697 2337 807 2384 manu
823 2337 979 2408 prom
1149 2369 1197 2459 S.
1221 2382 1266 2455 D.
1316 2381 1439 2455 Pridie
1453 2380 1530 2460 Cal.
1544 2381 1686 2476 Aprilis
1699 2381 1793 2458 hanc
1807 2388 1993 2480 epistolam
2007 2391 2145 2483 scripsi,

1149 2511 1220 2580 quo
1245 2483 1304 2556 die
1328 2509 1422 2556 anno
1445 2510 1465 2556 a
1491 2487 1603 2560 natali
1633 2481 1769 2560 Christi
1790 2485 1877 2566 420.
1903 2489 2146 2586 Hieronymus

1148 2611 1244 2658 anno
1268 2611 1351 2658 suae
1374 2587 1498 2660 aetatis
1520 2589 1747 2680 nonagesimo
1772 2591 1889 2683 primo
1913 2607 2076 2664 mortuus
2091 2609 2145 2664 cst

118 2683 173 2760 tto.
192 2683 311 2762 6215.
766 2696 828 2760 29.
843 2686 933 2755 noc
957 2685 1095 2776 Lipsiae.
1149 2689 1187 2760 in
1201 2684 1431 2774 Bethlehem,
1461 2715 1532 2786 quo
1546 2693 1684 2782 fugerat
1699 2693 1821 2783 etipse
1837 2689 2145 2789 Sycophantarum

117 2781 320 2822 Ν
776 2782 1094 2832 *m
1149 2792 1294 2867 rabiem.
1347 2790 1529 2881 Fugissem
1552 2807 1587 2865 et
1609 2816 1672 2884 ego
1694 2792 1732 2863 in
1750 2793 1811 2866 illa
1825 2797 1902 2888 ipsa
1924 2791 2085 2891 ἐρείπια,
2112 2798 2144 2868 si

430 2887 491 2978 Η.
519 2885 773 3007 [1111911810.
872 2879 883 2892 ⁸
1147 2894 1321 2964 familiam
1339 2918 1414 2964 non
1429 2889 1608 2970 haberem.
1658 2891 1815 2967 Domum
1839 2921 2000 2970 reversus
2024 2900 2142 2968 statim

1146 2987 1423 3092 Moierium⁸*)
1445 2997 1539 3084 adii,
1571 3021 1677 3090 quem
1699 3021 1779 3068 cum
1801 2998 1980 3082 viderem,
2012 3024 2142 3092 magun

1147 3098 1271 3169 dolore
1285 3099 1431 3170 affectus
1446 3120 1537 3176 suus.
1594 3097 1720 3172 Postea
1735 3093 1827 3169 mihi
1842 3113 1877 3172 et
1891 3123 1969 3172 mea
1985 3103 2142 3174 coniunx

311 3237 368 3318 ¹²·
401 3237 612 3313 ¹¹¹¹⁶”¹⁰
636 3231 889 3338 ¹³⁰''⁶'¹‘⁶¹⁰
1147 3195 2143 3398 tlt*ttlllatttltt'tltl{hillidii}

1242 3351 1256 3386 θ

97 3401 145 3494 S.
168 3410 217 3490 l).
270 3405 478 3483 clarissim
491 3406 549 3478 vir
563 3419 599 3478 et
613 3402 819 3478 charissime
834 3406 961 3494 irater,
986 3402 1096 3498 Quod
1148 3417 1239 3476 recte
1255 3405 1375 3476 valent
1389 3429 1512 3476 omnes
1525 3401 1594 3476 Dei
1607 3405 1790 3482 beneficio.

98 3511 386 3592 benevolentiam
409 3532 490 3602 erga
510 3530 577 3580 nos
598 3522 696 3580 tuam
719 3531 795 3580 non
821 3508 980 3599 extingui
997 3509 1098 3596 sinis,
1249 3503 1303 3577 De
1325 3503 1469 3600 Repub.
1492 3509 1600 3579 audio
1623 3499 1856 3604 Rippergum
1878 3507 2033 3602 equitem
2051 3503 2142 3576 mihi

98 3637 131 3694 et
144 3619 262 3692 debeo
279 3613 368 3698 tibi,
400 3626 436 3684 et
451 3607 565 3684 haheo
581 3611 752 3702 gratiam,
784 3623 889 3704 teque
912 3605 1096 3696 adhortor,
1146 3619 1273 3679 notum
1286 3609 1431 3700 ingenio
1447 3631 1508 3680 seu
1520 3607 1667 3704 Ulysseo
1682 3632 1744 3680 seu
1758 3609 1912 3684 Sinonio
1926 3611 2141 3702 praeditum,

98 3739 134 3796 nt
161 3717 385 3792 sinondum
413 3708 523 3786 hahes
550 3714 772 3784 commodius
794 3706 1010 3804 hospitium,
1048 3714 1095 3782 ad
1147 3709 1338 3786 exercitum
1368 3708 1582 3782 Saronicum
1607 3711 1773 3802 colligere
1799 3708 1941 3782 Gallico
1963 3707 2075 3802 Regi,
2108 3725 2143 3781 et

98 3838 258 3898 nostram
284 3817 457 3892 familiam
486 3816 627 3903 redeas,
660 3814 794 3910 inqua
816 3814 884 3885 scis
906 3807 943 3884 'te
962 3814 1096 3884 amicos
1146 3810 1307 3884 minitari
1321 3805 1463 3883 hostilia
1480 3811 1647 3882 omnibus
1662 3811 1887 3906 impedituris
1909 3813 1988 3886 iter.
2039 3810 2141 3882 Talis

97 3923 248 4010 habere,
287 3921 328 3992 irs
352 3918 483 4016 quibus
504 3912 599 3987 nihil
613 3930 665 3989 est
679 3917 772 3998 fuci,
803 3903 1018 4012 Caspasum
1031 3939 1095 4009 pa·
1145 3927 1197 3984 cst
1210 3914 1431 4008 privatorum
1447 3914 1589 3985 licentia
1605 3913 1643 3982 in
1658 3908 1725 3986 hac
1740 3909 1916 4011 ἀναρχίᾳ.
1948 3908 2141 3984 Albcrtum

98 4047 184 4102 trem
208 4039 247 4097 et
269 4014 484 4121 Casperum
504 4019 632 4092 filium.
683 4015 822 4090 Iudicio
837 4031 956 4090 autem
978 4013 1096 4092 ethoc
1145 4015 1212 4084 tibi
1238 4018 1460 4090 commendo.
1529 4013 1665 4108 Scripsi
1692 4030 1727 4088 et
1755 4039 1818 4108 ego
1848 4013 2141 4086 Administratori

96 4126 454 4220 tffiisignibcandntn
469 4145 555 4205 case,
574 4145 633 4193 me
646 4121 759 4194 literis
767 4113 946 4190 Palatini
950 4116 1096 4192 Electo-
1154 4111 1460 4190 Wldsosserssi.
1509 4115 1607 4190 Bene
1620 4133 1655 4192 et
1668 4117 1820 4194 feliciter
1833 4121 1911 4192 vale
1922 4143 2001 4190 cum
2017 4113 2143 4189 Eccle-

97 4235 145 4306 ris
159 4233 202 4302 in
222 4229 378 4324 patriam
394 4223 533 4312 vocari,
557 4247 629 4318 quo
645 4223 677 4294 si
691 4221 949 4317 proficiscerer,
980 4223 1095 4294 maxi·
1145 4219 1196 4292 sla
1211 4233 1271 4292 tua
1285 4221 1490 4297 domestica.

97 4361 150 4408 me
173 4333 288 4404 velim
311 4345 510 4402 temetum
535 4349 626 4412 esse,
656 4327 740 4420 quia
753 4325 980 4418 prudentiam
995 4337 1094 4398 tuam
1887 4317 2086 4414 Philippus.

97 4455 129 4512 ct
149 4437 258 4510 isdem
283 4454 463 4526 sperarem
487 4429 539 4500 ibi
560 4423 651 4498 mihi
667 4428 747 4498 usui
762 4429 856 4514 lore,
889 4441 924 4498 et
937 4427 1039 4500 facile
1055 4427 1095 4496 in

96 4540 173 4612 sula
196 4529 389 4608 Palatino
411 4533 529 4604 locum
543 4529 756 4600 inventurus
771 4553 874 4600 esses.
922 4528 1094 4600 Nondum

97 4657 216 4714 sotem
248 4639 295 4710 de
326 4633 546 4730 proiectione
571 4632 730 4719 decrevi,
771 4632 855 4727 quia
888 4643 925 4702 et
951 4648 1094 4704 nostrae
1143 4673 1200 4747 No
1224 4673 1326 4749 6217

98 4745 198 4818 sulae
219 4737 468 4830 cognoscenda
499 4747 552 4808 est
572 4733 750 4809 voluntas.
815 4729 865 4804 Et
888 4757 1093 4827 quanquam
1145 4723 1337 4800 »ὲν-ψ’

96 4839 330 4918 flacianum
344 4840 534 4912 lectionem
550 4859 624 4908 non
646 4837 762 4906 solum
778 4835 870 4908 ultra
886 4831 1094 4906 Horcirsios
1487 4876 1786 4966 scholmi&

97 4951 225 5030 saltus,
258 4946 323 5016 sed
344 4942 452 5014 etiam
475 4939 569 5010 ultra
593 4929 790 5036 Riphaeos
810 4951 950 5009 montes
972 4939 1095 5028 lugere
1785 4937 1797 4961 '

97 5053 219 5146 cupio:
254 5061 377 5120 tamen
391 5041 493 5114 vides
508 5043 546 5112 in
564 5035 630 5112 hac
651 5039 744 5114 tristi
756 5041 964 5112 confusione
986 5062 1094 5130 gene-
1212 5031 2135 5162 &lipuflpffl'wfi¹¹¹,f1'gifffississssmmmmh'ffl‘fip’im

98 5155 141 5224 ris
163 5148 317 5226 Ιιοωαοὶ
332 5145 467 5242 ubique
480 5143 634 5219 multum
650 5166 725 5216 esse
736 5143 913 5214 malorum
930 5141 1094 5232 ingerdo-
1268 5125 1315 5162 ⁸⁸⁰
1339 5125 1374 5176 ‘²’
1400 5125 1438 5162 ⁰⁸¹
1463 5125 1510 5161 ¹⁸¹⁰
1773 5142 1781 5159 '

98 5279 173 5328 rum
193 5269 232 5327 et
244 5247 501 5347 periculorum.
554 5243 627 5320 Sed
641 5247 729 5318 scies
745 5243 920 5340 quidquid
942 5245 986 5314 de
1009 5267 1094 5336 pro·
1143 5263 1363 5284 ··········“·

97 5357 246 5429 ‘⁸⁰5⁰OE
269 5355 451 5425 dmm
473 5347 595 5424 fuerit·
659 5345 836 5422 E¹u¹ibu³
864 5339 1031 5428 Gallicae
1058 5359 1093 5418 et
1178 5387 1245 5452 ‘'li-
1262 5408 1289 5446 a.
1308 5385 1502 5442 terracmam
1517 5385 1660 5442 Senatum.
1696 5383 1802 5452 viat
1821 5385 1863 5443 te.
1882 5384 1955 5445 lior·
1976 5385 2052 5444 1555.

99 5455 268 5558 Aoincis
302 5455 409 5528 doleo
445 5475 561 5526 meam
597 5449 886 5532 intercessionem
912 5449 1093 5524 lenissime
1177 5476 1225 5547 ss)
1242 5473 1307 5533 ma
1323 5471 1396 5528 usn
1413 5471 1545 5546 scripum
1563 5469 1590 5530 d.
1606 5471 1634 5529 t,
1652 5471 1720 5542 apr.

163 3067 317 3145 nuans
330 3065 364 3124 u
378 3084 407 3140 p.
420 3065 480 3123 sss.
498 3059 915 3150 (sa.s0na.1suu.sp.srs.).

2037 4529 2137 4542 uh*

2011 4690 2044 4749 2.
2062 4678 2139 4762 Aps.

1999 4773 2125 4804 aaa
