4722 6198
243 287 323 368 sm
408 235 412 244 ’
818 281 1255 364 urrsronanum
1305 283 1413 368 mn.
1439 287 1541 372 xm
1593 290 1725 377 esse.
2185 323 2244 402 ua

233 464 367 537 candes
392 484 477 534 esse.
530 457 625 532 lllud
647 457 755 530 etiam
779 459 978 548 addebant,
1009 453 1228 558 plerisque')
1282 461 1389 532 finem
1410 463 1581 560 colloquii
1598 493 1699 542 casus
1714 475 1930 551 necessitatis
1946 482 2117 574 publicam
2136 491 2242 569 editio-

235 567 277 638 in
298 561 366 638 hoc
388 565 513 656 exiguo
538 577 639 640 coetu
662 557 911 653 theologorum
929 564 1092 634 noudum
1109 565 1231 658 explo-
1285 589 1366 634 uem
1385 567 1589 658 postularet.
1639 571 1742 646 Hanc
1761 583 2047 672 protestationem
2060 591 2122 661 uni
2136 619 2173 665 er
2188 623 2243 670 uo·

235 679 312 740 rate
327 679 508 762 perceptas
531 677 566 738 et
581 665 739 755 cognitas
755 687 829 736 esse
844 665 1112 757 disputationes,
1139 691 1231 761 quae
1283 667 1382 738 tariis
1400 667 1439 738 in
1455 683 1578 742 nostro
1602 668 1780 769 bospitio,
1803 683 1997 758 scientibus
2018 705 2052 762 et
2067 695 2243 772 volentibus

235 770 425 844 tolutariis
455 769 594 860 scriptis
618 767 861 838 continentur.
919 767 1102 839 Postremo
1133 792 1231 862 spem
1283 771 1441 840 dominis
1462 775 1695 850 assessoribus
1718 795 1752 852 et
1781 786 1933 876 politicis
1947 788 2007 886 ¹⁰),
2039 795 2082 864 de
2100 821 2196 870 manu
2212 802 2244 872 in

235 873 343 945 „obis
367 871 560 955 faciehant,
588 870 684 956 lore,
708 883 750 942 nt
772 869 888 963 primo
910 895 1052 964 quoque
1072 881 1232 964 tempore
1285 895 1429 942 manum
1455 877 1688 966 tradidimus,
1714 885 1777 978 qui
1794 888 1939 982 quidem
1961 893 2037 966 siue
2053 901 2245 972 ructuatione

234 991 317 1070 post
333 973 550 1067 colloquium
566 967 597 1066 e)
619 973 781 1068 synodus
805 972 922 1064 aliqua
945 972 1113 1056 solemnis
1130 997 1232 1064 coge·
1284 973 1323 1041 in
1338 974 1443 1043 fidem
1460 999 1559 1047 suam
1573 1003 1650 1051 eam
1666 988 1819 1079 recepit,
1844 1015 2055 1090 omnemque
2072 1023 2200 1092 operam
2215 1004 2246 1076 io

235 1091 356 1160 retur,
381 1075 507 1169 inqua
529 1075 622 1146 iusto
645 1075 771 1144 ordine
795 1073 954 1163 singulae
972 1076 1232 1146 controversiae
1284 1078 1492 1147 adornando
1509 1079 1761 1173 instrumento,
1788 1105 1828 1162 nt
1844 1111 1988 1182 vocant,
2013 1096 2173 1174 adhibitis
2186 1106 2246 1176 usi-

237 1176 754 1267 adcgqcuqosvocaripossent.
804 1172 884 1246 Etsi
901 1175 1012 1267 igitur
1026 1200 1101 1247 non
1116 1177 1232 1248 solum
1284 1178 1365 1247 tatis
1382 1183 1610 1266 ceremoniis,
1635 1189 1815 1277 pollicitus
1836 1208 1898 1267 est.
1949 1197 2019 1270 Sed
2042 1215 2245 1297 postponens

236 1281 404 1355 mandata
435 1273 669 1348 illustrissimi
696 1275 874 1368 Principis
905 1278 1019 1348 nostri
1033 1275 1081 1372 ⁷),
1121 1275 1232 1350 Ducis
1283 1280 1375 1364 dies,
1401 1305 1483 1350 cum
1505 1307 1639 1356 novum
1663 1298 1923 1367 controversiae
1945 1315 2119 1374 certamen
2133 1307 2244 1380 extitis-

237 1381 414 1458 saxoniae
435 1378 658 1473 inpromptu
681 1373 919 1464 habebamus,
944 1403 1034 1473 quac
1049 1381 1178 1451 diserte
1198 1391 1233 1450 et
1283 1393 1352 1466 set,
1377 1382 1482 1450 talem
1499 1387 1621 1473 nobis,
1647 1395 1788 1484 qualem
1805 1414 2002 1492 acceperat,
2027 1407 2185 1479 restituit.

238 1508 359 1560 „vere
381 1482 662 1576 praecipiebant,
690 1505 736 1551 ue
762 1482 807 1550 ad
831 1481 1002 1574 colloquii
1030 1481 1232 1553 societatem
1386 1482 1593 1575 Speremus,
1618 1489 1747 1592 erbis,
1772 1521 1861 1590 qnae
1878 1503 2011 1593 optima
2026 1505 2093 1576 fide
2108 1509 2244 1580 recitavi-

239 1612 308 1662 110³
319 1586 608 1676 adiungeremus,
633 1583 703 1654 nisi
726 1582 894 1654 omnibus
919 1584 1022 1652 sectis
1037 1597 1071 1654 et
1085 1608 1232 1674 corrup-
1283 1608 1381 1666 mus,
1413 1608 1478 1655 nec
1497 1587 1828 1669 Reverendissimae
1857 1601 2104 1678 Dominationi
2126 1623 2247 1700 vestrae,

240 1690 321 1766 aelia
339 1684 519 1758 communi
534 1707 708 1756 consensu
723 1684 917 1769 damnatis,
940 1686 1000 1754 sed
1027 1685 1133 1756 etiam
1152 1685 1232 1754 aliis
1284 1710 1348 1754 nec
1368 1687 1531 1780 cuiquam
1559 1694 1652 1764 bono
1670 1699 1747 1768 viro
1771 1703 1961 1776 obscurum
1985 1732 2078 1790 esse,
2102 1725 2246 1806 quantun

239 1816 316 1864 non
333 1788 472 1860 levibus
494 1811 608 1881 neque
624 1786 774 1856 infirmis
791 1785 904 1856 causis
925 1787 964 1854 in
986 1789 1133 1856 eandem
1151 1810 1232 1856 sen·
1283 1789 1320 1855 in
1342 1790 1447 1858 nobis
1468 1794 1626 1864 studium
1650 1799 1757 1872 suerit
1781 1799 1873 1874 nihil
1899 1811 2088 1898 movendi,
2111 1816 2243 1907 quodal

239 1893 390 1970 tentiam
413 1890 651 1962 ducebamur:
683 1901 802 1958 tamen
825 1911 871 1956 ne
893 1889 1097 1960 videremur
1121 1887 1233 1960 collo-
1284 1913 1358 1958 uon
1373 1895 1601 1964 necessariam
1618 1900 1786 1995 colloquii
1809 1913 2114 1996 perturbationem
2128 1917 2244 1988 antdis·

240 1995 319 2092 quii
334 1993 473 2066 labores
491 1990 611 2080 lugere
625 2004 658 2061 et
681 1990 932 2073 reformidare,
959 2003 1021 2062 aut
1034 2014 1133 2060 caeca
1150 2013 1233 2083 per·
1284 1992 1495 2081 sipationem
1510 2021 1655 2092 quoquo
1671 2009 1778 2074 rrrodo
1793 2013 1943 2098 spectari
1959 2015 2084 2106 possit.
2132 2017 2246 2090 Namet

240 2095 372 2168 vicetia
389 2087 417 2189 ³)
439 2092 658 2186 colloquium
682 2093 826 2162 turbare
846 2105 950 2186 atque
973 2091 1165 2182 impedire,
1191 2114 1232 2162 ea
1285 2093 1388 2162 initio
1409 2115 1549 2168 summo
1578 2100 1656 2171 iure
1680 2106 1731 2175 uti
1758 2109 1960 2201 noluimus,
1992 2132 2033 2190 et
2055 2133 2166 2211 postea
2189 2144 2246 2190 ean

241 2201 319 2289 1032
334 2209 369 2266 ει
384 2194 590 2266 conditione
605 2193 760 2263 dominis
784 2193 1019 2264 assessoribus
1035 2207 1068 2266 et
1084 2193 1233 2288 reliquis
1284 2194 1495 2288 aequitatem
1519 2199 1558 2268 in
1581 2204 1734 2278 formula
1752 2217 2023 2301 protestationis
2039 2217 2246 2308 adhibuimus,

241 2297 422 2396 personis,
463 2319 553 2390 quae
579 2309 809 2386 augustanam
836 2295 1092 2378 confessionem
1124 2295 1232 2388 proli-
1284 2311 1325 2367 ut
1339 2322 1520 2389 speremus
1537 2305 1698 2375 omnium
1716 2311 1892 2384 bonorum
1907 2317 2047 2392 iudicio
2065 2325 2247 2394 satisfecisse.

244 2415 382 2486 tentae,
419 2421 564 2490 operam
588 2410 746 2468 nostram
774 2397 926 2489 polliciti
952 2419 1092 2484 sumus,
1123 2411 1165 2470 ut
1188 2399 1233 2468 de
1285 2397 1407 2489 Quum
1428 2415 1545 2473 autern
1568 2407 1614 2476 ab
1637 2407 1782 2483 alterius
1804 2419 1913 2506 partis
1936 2423 2246 2496 collocutoribusea

242 2501 525 2576 confessionibus
551 2499 681 2570 nostris
706 2512 829 2570 contra
851 2499 965 2570 varias
980 2513 1091 2570 sectas
1104 2514 1139 2570 et
1154 2524 1233 2569 cor·
1285 2503 1471 2574 necessitas
1494 2507 1706 2596 confitendi,
1737 2517 1823 2608 quid
1849 2522 1894 2590 de
1922 2525 2033 2596 sectis
2062 2527 2245 2599 existimare·

242 2605 398 2698 pupulas
432 2601 607 2692 evangelii
636 2595 806 2672 hactenus
836 2601 940 2672 editis
975 2602 1234 2694 decerperetur,
1285 2627 1381 2683 araus,
1412 2605 1517 2676 nobis
1540 2608 1704 2702 imposita
1726 2632 1834 2705 esset,
1867 2647 1971 2715 quam
2001 2629 2102 2698 ncilla
2130 2625 2246 2700 boneta

241 2722 306 2780 aut
321 2705 603 2776 imminueretur.
1285 2706 1423 2774 ratione
1436 2707 1588 2798 effingere
1603 2726 1823 2806 poteramus,
1851 2747 1925 2794 non
1939 2743 2018 2800 erat
2037 2744 2185 2802 nostrum
2196 2755 2246 2800 uo·

342 2803 434 2879 Cum
451 2817 570 2876 autern
588 2802 874 2896 intelligeremus,
901 2817 934 2876 et
950 2817 1095 2898 propter
1109 2797 1234 2874 Eccle-
1285 2806 1460 2902 minisque
1476 2805 1679 2900 christiani,
1706 2843 1806 2891 veras
1820 2819 1858 2917 ¹¹)
1878 2831 2076 2904 sententias
2092 2833 2246 2916 occultae,

242 2910 324 2992 sias,
351 2909 389 2978 in
406 2908 535 3002 quibus
552 2909 737 2989 docemus,
764 2907 859 2976 etad
876 2929 940 2976 raus
955 2907 1050 2999 ipsos
1065 2907 1234 2978 munien-
1285 2933 1365 2980 cum
1384 2913 1603 2999 accessesit,
1628 2916 1863 3013 interrogatos
1880 2928 1925 2996 de
1941 2930 2109 3004 doctrina
2130 2957 2244 3026 respon·

242 3017 308 3088 dos
335 3010 527 3082 formulam
553 3007 814 3102 protestationis
841 3031 1054 3110 magnopere
1075 3032 1234 3080 necessa·-
1285 3012 1367 3080 dere
1386 3012 1480 3082 iuxta
1495 3008 1581 3086 haec
1599 3021 1817 3096 severissima
1841 3032 2033 3108 mandatas
2060 3031 2240 3128 amntem·

241 3117 333 3190 riam
348 3135 432 3196 esse,
456 3135 533 3180 nnn
548 3134 655 3202 parva
672 3135 753 3180 cura
771 3109 875 3178 nobis
892 3135 973 3180 cum
988 3109 1130 3200 collegis
1146 3135 1231 3180 con·
1285 3113 1510 3185 confitebitur
1539 3142 1595 3187 me
1624 3143 1742 3192 coram
1769 3121 1999 3221 bominibus,
2031 3139 2240 3212 confitebortl

243 3215 356 3292 tentio
370 3213 646 3304 disceptatioqne
659 3212 781 3282 luitde
796 3205 861 3280 hac
873 3212 1095 3304 quaestione:
1112 3226 1232 3282 utrum
1285 3236 1348 3302 ego
1364 3239 1444 3284 eum
1465 3241 1583 3288 coram
1604 3235 1702 3312 patre
1723 3249 1802 3298 meo
1819 3233 1972 3306 coelesti.
2032 3237 2138 3312 ltem:
2162 3233 2246 3332 parali

243 3339 364 3396 coram
376 3327 475 3386 tanto
487 3326 589 3384 coetu
599 3313 913 3408 utriusquepartis,
927 3315 1022 3408 quod
1035 3309 1233 3412 omnium⁹)
1286 3329 1395 3387 estote
1415 3320 1458 3386 ad
1478 3322 1695 3393 reddendam
1717 3330 1890 3401 rationem
1912 3336 1998 3407 fidei
2014 3343 2113 3411 omni
2134 3335 2247 3434 petenti.

243 3417 462 3492 tutissimum
484 3416 687 3501 videbatur,
713 3440 758 3486 an
777 3439 894 3484 coram
918 3416 1048 3484 nostris
1063 3417 1234 3488 duntaxat
1286 3418 1428 3486 Deinde
1453 3419 1490 3488 in
1512 3423 1573 3492 tali
1594 3447 1693 3512 casu,
1719 3432 1782 3500 ubi
1800 3438 1997 3526 segregatio
2014 3444 2061 3513 ab
2081 3443 2158 3514 aliis
2171 3437 2248 3512 sectis

244 3519 438 3604 confessio,
464 3517 649 3588 continens
667 3539 863 3610 expressam
887 3531 922 3588 et
943 3517 1128 3610 specialem
1146 3542 1233 3588 con·
1284 3520 1526 3610 flagitabatur,
1565 3547 1629 3595 nec
1655 3529 1823 3604 debemus
1848 3561 1912 3607 nec
1941 3563 2132 3630 possumus
2159 3557 2249 3632 tegere

245 3621 510 3696 demnationem
524 3618 685 3689 omnium
704 3632 877 3690 sectarum
894 3632 926 3689 et
942 3619 1233 3710 corruptelarum,
1284 3645 1341 3690 eas
1357 3623 1604 3711 consessiones,
1619 3653 1706 3722 quas
1722 3627 1889 3708 hactenus
1906 3639 1944 3710 in
1961 3647 2110 3738 templis
2125 3659 2156 3716 et
2169 3639 2251 3715 scho-

245 3725 383 3799 edenda
397 3734 495 3792 esset.
546 3718 708 3794 Tandem
727 3745 822 3806 vero,
846 3743 891 3788 ne
908 3721 1111 3792 videremur
1125 3722 1233 3792 colle·
1284 3723 1327 3790 lis
1349 3726 1549 3814 sonuimus3
1575 3743 1615 3800 ut
1631 3729 1763 3804 Paulus
1784 3737 1915 3832 inquit:
1942 3743 1971 3812 si
1997 3771 2090 3841 quae
2110 3741 2252 3821 destruxi,

165 3871 166 3878 χ
244 3849 305 3918 3„
340 3837 481 3894 nomos
514 3822 605 3890 velle
637 3823 676 3890 in
707 3823 944 3912 suspicionem
970 3823 1164 3908 adducere,
1198 3836 1233 3894 et
1284 3824 1411 3894 iterum
1429 3828 1574 3911 edilico,
1601 3838 1914 3922 praevaricatorem
1933 3870 1990 3916 me
2006 3849 2190 3924 constituo.
2216 3839 2252 3922 Et

244 3923 673 4000 collocutorihusalterius
688 3925 798 4015 partis
812 3924 921 3994 salem
930 3925 1110 4016 praebere,
1124 3949 1230 4018 quem
1283 3927 1453 4018 quoniam
1468 3930 1637 4023 scriptum
1653 3950 1719 4006 est:
1739 3955 1858 4011 cavete
1873 3947 1917 4014 ab
1930 3950 2035 4019 omni
2051 3952 2163 4046 specie
2174 3943 2252 4024 uati,

244 4029 286 4104 iu
300 4027 405 4100 nobis
422 4025 614 4098 irridendis
627 4039 661 4096 et
675 4025 892 4116 exagitandis
908 4040 1166 4109 consumerent,
1191 4050 1232 4096 ea
1284 4027 1372 4098 illud
1391 4046 1483 4101 certe
1499 4034 1750 4122 perficiendum
1766 4039 1884 4139 est¹⁸)‚
1915 4061 1955 4120 ut
1976 4074 2056 4122 non
2077 4055 2188 4124 solum
2202 4067 2252 4118 11⁰⁸

243 4129 488 4204 moderatione
509 4126 564 4196 usi
587 4149 727 4216 sumus,
753 4149 843 4220 quae
863 4125 1032 4196 eximium
1055 4139 1090 4198 et
1109 4128 1231 4218 singu-
1283 4129 1389 4220 ipsos,
1412 4133 1472 4200 sed
1489 4133 1592 4204 etiam
1607 4137 1697 4210 bene
1710 4145 2109 4228 constitutasEcclesies
2123 4169 2157 4228 et
2170 4147 2253 4224 scho-

242 4233 317 4310 lm
333 4229 489 4302 ,pugium
504 4227 707 4304 sarciendae
723 4241 757 4298 et
772 4229 938 4318 tegendae
954 4228 1046 4299 inter
1063 4252 1129 4298 nos
1145 4254 1232 4300 con·
1283 4230 1351 4316 las,
1375 4255 1526 4324 quarum
1551 4237 1705 4311 ministri
1729 4267 1868 4332 sumus,
1892 4253 1993 4322 omni
2016 4271 2187 4330 sectarum
2208 4273 2254 4322 ⁸¹1·
2314 4267 2315 4270 ’

241 4329 842 4408 cordiaeeviden'tissimedeclarat.
892 4325 1036 4402 Etenim
1055 4332 1148 4422 apud
1165 4355 1232 4402 no·
1282 4332 1439 4423 spicione
1468 4335 1668 4413 liberemus.
1728 4341 1875 4420 Accedit
1901 4351 1962 4424 illa
1991 4380 2138 4452 qnoque
2162 4375 2256 4432 cauta

168 4463 171 4469 .
240 4451 333 4510 mae
354 4434 463 4528 pani,
489 4455 677 4504 „303⁵on
693 4443 728 4500 ει
744 4432 923 4501 auditores
945 4431 1229 4524 protestationem
1282 4429 1400 4528 curu)
1420 4436 1535 4506 officio
1560 4457 1681 4514 nostro
1701 4447 1820 4518 deesse
1843 4477 1919 4522 non
1942 4459 2143 4547 possimus,
2176 4451 2254 4550 quod

241 4538 488 4631 deponendam
504 4558 590 4619 esse,
616 4557 764 4626 eamque
781 4535 952 4628 usquead
968 4533 1138 4628 colloquii
1156 4534 1230 4604 eri·
1282 4537 1461 4605 decretum
1483 4561 1545 4608 seu
1562 4545 1746 4619 necessitas
1766 4551 1905 4644 imperii
1924 4579 2154 4656 nequaquam
2170 4554 2256 4628 nobis

240 4653 319 4716 turn
335 4641 428 4708 inter
451 4651 590 4706 nostros
605 4635 754 4728 parietes
770 4637 998 4728 premendam
1019 4637 1231 4728 putavimus,
1281 4659 1320 4705 os
1346 4637 1498 4710 obstruit
1525 4654 1559 4712 et
1580 4645 1739 4734 obturat,
1772 4677 1837 4724 nec
1859 4657 1958 4741 vult,
2001 4685 2070 4732 nos
2096 4657 2255 4752 colloquio

189 4773 196 4787 ·
240 4723 312 4812 uisi
330 4741 386 4832 vel
407 4740 446 4808 in
468 4738 585 4808 medio
609 4760 732 4810 causac
753 4737 920 4832 colloquii
940 4737 1049 4809 altera
1065 4761 1146 4830 pars
1163 4762 1229 4808 ne·-
1281 4751 1448 4832 tanquam
1469 4756 1584 4814 mutas
1601 4769 1767 4838 personas
1787 4755 1973 4846 interesse,
2003 4763 2067 4833 sed
2085 4759 2153 4835 hoc
2172 4783 2257 4832 ano·

240 4843 437 4918 cessitatem
461 4839 651 4912 configendi
682 4839 787 4914 nobis
816 4841 1035 4934 imponeret,
1071 4839 1127 4911 vel
1148 4854 1230 4934 post
1281 4839 1336 4910 bis
1360 4841 1578 4917 severissime
1602 4853 1770 4944 requirit,
1803 4871 1843 4930 ut
1865 4859 1975 4932 simus
1999 4864 2142 4952 fideles,
2172 4875 2204 4933 et
2224 4879 2256 4928 et

236 4981 460 5004 „.-.......
1281 4967 1371 5037 quae
1394 4945 1566 5018 sentimus
1588 4949 1633 5020 de
1652 4954 1823 5046 religione
1845 4961 2000 5052 ingenue
2025 4979 2133 5064 atque
2156 4973 2258 5058 aperte

270 5065 299 5130 6)
319 5063 390 5118 Col.
404 5061 671 5130 Gothplcrmnque.

267 5148 296 5215 6)
313 5156 379 5213 post
391 5149 501 5216 colloq]
517 5145 546 5198 in
566 5145 627 5198 cod.
644 5143 726 5204 Goth.
744 5163 800 5198 non
816 5143 953 5215 leguntur.

268 5233 300 5305 7)
319 5231 389 5292 cod,
401 5230 516 5302 Guelph.
531 5241 558 5285 et
571 5229 683 5288 Monac.
699 5229 809 5285 babent:
830 5227 875 5282 ΙΙΙ.
891 5227 1011 5282 Domini
1026 5230 1123 5282 nostri
1134 5227 1227 5284 Inan-
1313 5223 1357 5290 ¹⁰)
1378 5231 1406 5276 θ’
1415 5223 1545 5292 mm]
1564 5227 1627 5282 ωδ·
1644 5227 1727 5289 G⁰llh
1744 5249 1802 5288 ¹¹⁰⁰
1816 5235 1905 5294 ΒΜ·

301 5305 347 5358 ’ὠ
358 5301 505 5356 &idemq
1315 5305 1359 5372 ll)
1378 5309 1475 5378 veras]
1497 5309 1559 5365 cod.
1576 5309 1658 5368 Goth.
1672 5325 1765 5374 notos.

264 5393 293 5459 8)
312 5389 381 5446 eet.
399 5386 515 5459 Guelpb.
526 5387 695 5455 pertinacia.
1315 5390 1359 5454 tt)
1378 5393 1450 5444 iliud
1462 5419 1496 5432 -
1508 5400 1562 5460 est]
1581 5395 1608 5450 in
1625 5399 1689 5456 cod.
1703 5401 1786 5462 Goth.
1806 5424 1861 5460 non
1879 5407 2019 5480 leguntur.

262 5477 293 5548 0)
312 5473 382 5532 cod.
395 5469 515 5546 Guelpb.
531 5471 657 5526 omnmo.
1316 5473 1361 5542 tt)
1381 5483 1441 5548 cur]
1461 5475 1525 5535 cod.
1540 5477 1624 5536 Goth.
1640 5493 1681 5539 ut.

1279 5109 1505 5132 Ἣ
