4748 6180
224 302 275 376 db
317 377 330 386 ,
795 291 1223 372 EPISTOLARUM
1271 295 1506 376 nexili.
1560 293 1691 377 1557.
2157 222 2162 246 Ι
2207 299 2259 376 ⁴14

248 459 578 553 (magdeburgenses
603 461 768 546 Tirologi
794 465 840 532 ad
860 461 1075 532 Mensarum
1100 463 1210 532 l's'tu·⁴
1280 469 1347 542 No,
1363 473 1476 544 6172,
1514 551 1524 566 ⁸
2060 471 2141 568 (23,
2154 473 2236 566 102)

668 547 776 635 berg.)
1272 573 1486 613 υνν
2039 567 2253 607 εον-υ

228 655 276 754 s·
309 686 479 751 Reverendi
499 689 529 745 in
551 685 665 746 domino
687 687 904 766 plurimumque
919 685 1034 746 colendi
1049 687 1111 744 virl.
1149 683 1218 744 Non
1626 652 1904 768 (Narratio.)

229 796 301 842 sane
328 777 493 854 ignoramus
514 782 625 830 vestras
645 773 794 832 molestias
812 789 845 830 ac
866 773 994 847 laboret,
1014 790 1085 850 quos
1105 781 1167 830 tum
1187 770 1219 830 iu
1572 815 1579 830 ,

230 867 354 936 itinere,
385 869 447 918 turn
474 857 565 916 multo
592 858 698 934 magis,
726 867 759 915 ut
779 857 898 935 quidem
917 859 1108 934 suspicamur,
1134 852 1219 912 isthic
1337 815 1414 888 ΤΕ*
1430 815 1495 876 ⁶⁰³·
1509 813 1616 875 GM
1637 813 1759 890 blm:

230 949 288 1008 iam
321 945 417 1006 sardio
443 941 566 1001 tollendi
591 941 797 1020 adiaphoricos
825 958 939 1000 errores
966 942 1048 1000 ierre
1077 939 1219 1017 cogimini,
1269 969 1453 1057 (Narraga
1474 989 1607 1050 eom,
1633 989 1718 1054 qm
1741 970 1895 1036 pamm
1911 970 2084 1037 gamag
2103 989 2175 1038 m
2189 968 2257 1036 [Α.

232 1032 409 1182 ffista‘ffl
434 1035 515 1171 ‘⁸⁰3⁹
527 1025 678 1170 3¹³1ssth
696 1022 1219 1189 ἓξῇἶῆξᾚνέξῗξῖῃᾚονῒὲξ
1269 1061 1361 1140 gotis
1375 1053 1609 1138 magdeburg.
1631 1069 1775 1137 egerant
1790 1059 1918 1126 Grenici
1937 1059 1969 1122 d.
1987 1057 2040 1121 23.
2057 1054 2131 1122 Ian.
2148 1057 2259 1137 1557.)

231 1215 278 1266 era
305 1201 442 1262 dieamus.
492 1195 616 1256 Moleste
641 1206 723 1254 certe
751 1195 881 1254 nonnihil
907 1194 1028 1252 ierimus
1055 1193 1134 1272 quod
1154 1210 1220 1252 eum
1269 1164 1443 1256 Venerunt
1468 1195 1619 1254 Cosricum
1651 1193 1689 1252 ad
1718 1194 1985 1273 magdeburgenses
2011 1195 2048 1254 D.
2076 1185 2259 1262 Martiam.

232 1292 290 1350 iam
323 1286 370 1344 hic
402 1284 432 1340 in
461 1281 579 1340 tertium
608 1279 686 1338 diem
713 1281 792 1338 otiosi
820 1279 1003 1338 derideamus
1030 1287 1221 1356 expectantes
1270 1279 1307 1338 D.
1328 1281 1494 1341 Fridericus
1513 1277 1740 1355 Heusinger,
1773 1281 1924 1358 Superior.
1946 1281 2199 1358 witeburgensis,
2228 1291 2259 1340 et

234 1387 372 1450 ,obpansa
399 1377 497 1426 restra
524 1365 563 1423 ad
590 1373 687 1422 ternas
714 1363 854 1422 hactenns
882 1363 1026 1422 communi
1047 1364 1162 1421 nomine
1183 1359 1222 1418 ad
1270 1362 1348 1442 Mag.
1370 1365 1528 1424 loachimus
1545 1359 1758 1442 Westpbalscs
1778 1377 1847 1424 ante
1868 1365 2033 1440 meridiem,
2059 1359 2258 1426 Quamnam

234 1478 286 1518 sos
307 1470 406 1512 omnes
427 1450 511 1510 dmul
531 1451 630 1506 missas
650 1449 748 1507 literas
769 1449 842 1506 nihil
863 1459 961 1506 tamen
983 1449 1063 1506 nobis
1079 1445 1222 1506 communi
1271 1448 1329 1508 Ubi
1349 1449 1562 1526 consedissent,
1583 1459 1613 1509 et
1634 1450 1810 1510 Mediatores
1831 1459 1862 1508 et
1881 1449 2162 1528 Magdeburgenses,
2188 1445 2258 1510 Wi-

235 1541 352 1622 penitus
374 1537 500 1596 omniurn
521 1542 650 1591 restrum
670 1533 787 1592 nomine
800 1532 957 1606 indicetur3
979 1551 1038 1590 non
1050 1541 1130 1590 certe
1143 1527 1222 1610 quod
1272 1531 1407 1611 gandras
1433 1545 1652 1610 commemorat,
1686 1552 1743 1613 qua
1772 1536 1919 1592 occasione
1939 1535 1996 1593 hue
2016 1534 2167 1593 Cosricurn
2189 1553 2259 1592 con-

235 1647 288 1686 ros
315 1623 403 1684 nostri
430 1629 630 1696 contemptus,
663 1618 713 1696 qui
732 1627 831 1676 minen
852 1618 1080 1695 necquicquam
1103 1616 1162 1675 tale
1183 1613 1222 1674 de
1272 1621 1423 1694 venerint,
1457 1635 1564 1696 nempe
1599 1619 1677 1696 quod
1711 1619 1826 1695 ipsimet
1859 1619 2036 1678 Mediatores
2068 1618 2259 1697 blagdeburg.

237 1712 315 1770 robis
342 1706 533 1784 suspicamur,
568 1721 623 1760 nec
650 1703 737 1761 etiam
757 1701 843 1761 valde
864 1703 961 1780 magni
981 1701 1072 1780 pendi
1093 1699 1222 1778 postula·
1273 1703 1397 1764 confessi
1417 1713 1530 1778 essent,
1554 1702 1629 1763 hanc
1650 1721 1765 1762 causam
1782 1721 1842 1780 ,non
1864 1721 1929 1764 esse
1950 1705 2092 1784 privatam
2112 1706 2198 1762 unius
2211 1718 2262 1764 aut

236 1815 316 1868 mus,
344 1791 499 1850 admodum
520 1785 597 1845 male
618 1787 739 1862 habeat,
766 1786 820 1846 sed
841 1787 919 1864 quod
938 1787 969 1844 in
991 1797 1050 1844 tam
1071 1787 1152 1866 gravi
1168 1801 1222 1841 ne·
1272 1789 1393 1848 alterius
1414 1805 1573 1865 personae,
1601 1789 1653 1846 sed
1675 1788 1761 1846 totius
1782 1787 1957 1861 Ecclesiaeq
1979 1787 2087 1847 deinde
2108 1788 2186 1864 qnod
2206 1781 2262 1866 pe-

237 1881 329 1959 gotio,
362 1877 412 1934 ubi
439 1874 478 1933 de
498 1873 555 1931 Dei
582 1871 674 1949 gloria
693 1870 791 1948 deque
813 1889 900 1932 verae
920 1871 1066 1948 religionis
1087 1870 1223 1948 puritate,
1273 1875 1389 1948 tierint,
1424 1881 1454 1929 ut
1482 1872 1591 1950 aliquot
1611 1873 1732 1930 ministri
1753 1871 1942 1950 Mugdeburg.
1964 1874 1993 1930 in
2014 1871 2092 1930 hune
2114 1873 2209 1930 locum
2229 1895 2263 1932 se

237 1985 271 2028 ac
293 1963 412 2022 demum
434 1959 519 2020 totius
534 1957 683 2014 Ecclesiae
698 1955 905 2034 tranquillitate
920 1957 1030 2032 agitur,
1058 1952 1224 2016 vehementi
1273 1957 1442 2017 conferrent
1462 1975 1527 2016 cum
1547 1957 1585 2015 D.
1607 1953 1760 2038 illyrico.
1822 1957 1868 2016 Re
1889 1957 1976 2034 igitur
1997 1955 2157 2015 deliberata
2177 1957 2263 2036 blag-

239 2045 431 2109 sollicitudine
451 2059 607 2118 anguinus,
636 2059 761 2118 quonam
782 2040 901 2100 tandem
921 2057 969 2098 res
990 2057 1132 2117 causaque
1153 2054 1223 2096 eva·
1274 2041 1396 2117 deburgl
1421 2041 1458 2099 ab
1485 2042 1615 2099 omuibus
1642 2043 1703 2104 eius
1724 2040 1871 2102 Ecclesiae
1898 2041 2033 2100 ministris
2060 2043 2169 2119 aliquot
2191 2059 2264 2121 per·

238 2151 306 2194 arra
326 2129 474 2201 rideatur,
494 2135 544 2184 aut
565 2125 635 2202 quid
655 2126 742 2184 efinrn
762 2142 781 2183 a
800 2125 879 2184 robis
900 2125 949 2203 pie
971 2125 1139 2202 utiliterque
1160 2121 1238 2180 fieri·
1274 2145 1374 2201 sonas,
1401 2143 1476 2203 quae
1503 2127 1561 2184 iam
1588 2125 1740 2202 adessent,
1769 2142 1834 2184 esse
1854 2125 2001 2202 delectas,
2033 2125 2133 2186 addita
2152 2127 2266 2186 immo.

239 2227 289 2277 ant
316 2213 407 2273 omitti
434 2211 539 2270 debeat
565 2219 616 2268 aut
643 2211 741 2288 possit.
791 2211 891 2278 Quare
919 2229 969 2267 ros
989 2219 1110 2287 propter
1132 2207 1224 2266 domi-
1275 2213 1370 2271 ctione
1392 2228 1478 2287 quam
1500 2211 1555 2268 iam
1577 2205 1792 2272 exhiberent¹).

240 2319 311 2360 num
339 2315 469 2371 oramus,
503 2304 536 2353 ut
562 2293 720 2371 dignemini
741 2295 821 2351 nobis
843 2295 935 2370 primo
956 2312 1071 2372 quoque
1092 2303 1225 2370 ternpore
1359 2294 1475 2354 Deinde
1504 2296 1570 2372 quia
1591 2304 1622 2354 et
1643 2295 1769 2354 Senatus
1788 2291 2046 2371 Magdeburgensls
2067 2312 2124 2354 nou
2145 2297 2263 2357 ntinims

240 2382 349 2461 aliquid
377 2381 449 2440 certi
476 2397 510 2437 aa
536 2378 680 2458 perspicui
701 2378 740 2436 de
760 2379 872 2436 actione
892 2380 963 2454 ista,
992 2379 1089 2456 deque
1116 2394 1170 2454 spe
1192 2394 1226 2433 ac
1275 2398 1342 2458 pars
1362 2378 1465 2438 suisset
1486 2380 1649 2438 confitentis
1670 2381 1817 2438 Ecclesiae
1838 2380 1868 2436 in
1890 2378 2065 2438 difficillimis
2085 2383 2261 2460 temporibus

241 2475 364 2540 eventu,
396 2463 532 2544 quicquid
559 2464 608 2522 rel
629 2464 718 2521 nostis
739 2461 789 2522 rel
809 2463 958 2532 divinatis,
994 2463 1125 2522 fraterne
1147 2479 1225 2518 oom-
1275 2463 1497 2543 persecutionis,
1531 2463 1598 2522 ideo
1626 2465 1714 2522 etiarn
1741 2464 1779 2523 ad
1805 2463 1882 2540 ipsos
1902 2465 2051 2524 consilium
2071 2464 2258 2526 mediatorum

239 2552 388 2614 murnicari.
446 2547 593 2606 Habemus
620 2547 700 2624 apud
726 2565 796 2622 nos,
829 2547 901 2604 siem
929 2557 960 2605 et
986 2547 1017 2604 in
1045 2547 1107 2604 aliis
1135 2545 1227 2602 literis
1276 2566 1342 2607 esse
1362 2549 1501 2606 delatum.
1543 2548 1734 2626 summopere
1756 2557 1853 2606 autem
1867 2565 1966 2606 omnes
1981 2549 2056 2608 banc
2071 2552 2258 2609 tentationem

240 2651 328 2698 autea
348 2635 428 2693 robis
447 2632 648 2706 indicarimus,
679 2631 795 2706 literas,
827 2639 860 2689 ut
881 2639 1000 2706 vocant,
1032 2627 1227 2689 credentiales
1276 2633 1484 2708 compositionis
1506 2634 1679 2710 approbasse
1702 2643 1733 2691 ct
1750 2632 1888 2710 quosdam
1910 2649 1947 2692 ex
1965 2635 2100 2694 ministris
2112 2636 2262 2695 Cosricum

240 2721 333 2781 nostri
358 2716 549 2776 honestissimi
570 2716 694 2774 Senatus
720 2726 752 2773 et
772 2715 856 2772 simul
877 2716 1094 2798 instructionem
1116 2713 1227 2771 fidelis·
1278 2719 1403 2792 misisse,
1436 2717 1510 2775 datis
1537 2719 1656 2794 insuper
1684 2717 1853 2796 qmbusdam
1874 2717 1965 2776 literis
1985 2719 2023 2776 ad
2044 2721 2217 2780 mediatores
2225 2715 2263 2794 ¹),

242 2809 377 2867 simorum
396 2804 428 2859 in
448 2801 577 2859 Ecclesia
594 2799 836 2877 hlagdeburgensi
849 2799 955 2858 Christi
975 2801 1168 2858 ministrorum
1189 2797 1228 2857 de
1277 2819 1354 2880 quae
1375 2821 1452 2859 nunc
1474 2801 1561 2859 etiam
1583 2797 1813 2861 traderentur³h
1837 2833 1879 2844 -
1901 2834 1940 2846 —·
1963 2835 2005 2851 -
2026 2834 2070 2848 -·-

242 2911 293 2966 co,
323 2887 401 2967 qirod
421 2886 471 2962 pie
492 2903 525 2942 ao
545 2885 657 2942 utiliter
677 2884 715 2942 ad
736 2885 856 2962 gloriam
877 2884 932 2942 Dei
952 2903 986 2943 ao
1001 2885 1149 2942 Ecclesiae
1169 2883 1227 2940 uti-
1362 2888 1465 2946 Postea
1485 2886 1522 2943 D.
1544 2877 1722 2947 Martinus
1749 2888 1865 2945 nornine
1883 2877 2074 2948 Mediatomm
2096 2888 2198 2948 dicere
2217 2890 2263 2946 in-

242 2977 352 3034 iitatem
372 2971 472 3030 lacere
494 2987 528 3028 ac
547 2971 690 3026 vobiscum
711 2985 800 3046 agere
817 2969 972 3042 debemus,
1000 2987 1070 3046 quas
1083 2977 1148 3045 post
1161 2967 1228 3025 lini-
1278 2971 1355 3048 cipit.
1398 2971 1531 3028 Proximo
1553 2970 1601 3030 die
1621 2971 1738 3046 blattis,
1758 2969 1812 3030 hoc
1834 2982 1879 3032 est
1900 2967 1988 3031 tub
2010 2973 2134 3031 lanruac-ii
2149 2973 2264 3033 hledia-

242 3071 301 3118 tam
323 3059 441 3114 demum
462 3055 603 3112 actionem
624 3055 703 3110 robis
724 3053 851 3111 reddere
871 3073 1013 3111 summum
1033 3055 1112 3111 nobis
1135 3053 1228 3112 dede-
1278 3067 1355 3115 tores
1383 3056 1570 3130 Vitebergam
1598 3056 1741 3132 ingressos
1771 3075 1851 3130 esse,
1885 3067 1916 3114 ct
1945 3076 1981 3115 co
2010 3058 2071 3134 ipso
2100 3057 2150 3117 die
2178 3057 2264 3118 Dom.

244 3163 293 3202 cus
315 3150 399 3199 esset.
458 3140 645 3214 Quapropter
666 3147 786 3215 propiet
807 3138 952 3195 dominum
974 3139 1068 3196 lesum
1091 3157 1141 3195 ros
1163 3155 1228 3194 ora·
1279 3137 1479 3219 Philippum
1507 3140 1578 3197 duos
1607 3142 1796 3218 exipsorum
1817 3159 1937 3199 numero
1957 3141 2061 3202 adiisse
2081 3161 2115 3200 ac
2137 3145 2265 3220 petiisse,

245 3247 325 3299 murs,
360 3234 392 3281 ut
423 3225 516 3300 primo
544 3239 659 3299 quoque
688 3233 820 3300 ternpore
847 3225 927 3280 nobis
955 3223 1136 3300 significetis,
1171 3223 1229 3295 ubi,
1279 3238 1311 3284 ut
1337 3227 1374 3282 D.
1409 3219 1593 3302 Philippos
1619 3242 1669 3284 cus
1696 3226 1826 3300 audiret,
1860 3226 2094 3303 quandoquidem
2121 3227 2266 3288 haberent

244 3333 301 3390 quo
323 3310 384 3366 loco
405 3325 439 3365 ac
460 3319 592 3382 ternpore
613 3307 691 3364 robis
713 3307 861 3384 praedicta
881 3309 986 3383 scripta
1005 3325 1039 3364 ac
1054 3307 1229 3382 legationem
1253 3343 1256 3354 ·
1280 3309 1445 3388 gravissima
1472 3309 1604 3388 negotia,
1638 3327 1713 3387 quae
1740 3327 1856 3370 suarum
1876 3311 2070 3372 Ecclesiamm
2098 3314 2216 3372 nomine
2238 3315 2267 3384 ei

245 3407 394 3471 exponere
422 3391 588 3449 debeamus.
640 3391 715 3450 Mire
742 3409 812 3448 sane
839 3391 938 3448 anxios
965 3410 1017 3448 nos
1044 3392 1116 3449 haec
1145 3407 1230 3448 causa
1279 3405 1376 3451 essent
1399 3395 1565 3470 exposituri.
1607 3393 1768 3454 Constituta
1788 3405 1885 3452 autern
1907 3395 1978 3454 hora
1999 3407 2082 3454 sexta
2099 3400 2267 3475 posterioris

243 3478 351 3540 Christi
377 3477 520 3553 totiusque
542 3475 688 3533 Ecclesiae
710 3475 813 3548 habet,
843 3494 900 3532 non
923 3474 1014 3532 solum
1035 3475 1112 3552 quod
1134 3485 1231 3532 vestra
1279 3479 1337 3536 diei
1366 3495 1465 3553 mane,
1493 3477 1547 3536 hoc
1575 3488 1636 3553 est,
1668 3473 1720 3538 20.
1743 3479 1865 3536 laurrarii
1892 3497 1956 3541 sese
1983 3499 2084 3539 ornnes
2110 3482 2268 3560 adipsum

244 3564 417 3642 amplissima
439 3561 543 3636 legatio
565 3562 706 3636 simulque
728 3570 759 3616 et
779 3569 877 3616 noster
897 3559 1040 3617 adrentus
1061 3561 1148 3618 etiarn
1168 3577 1230 3615 ma·
1279 3563 1446 3620 corrrenisse
1469 3573 1499 3620 et
1516 3562 1672 3637 indicasse,
1698 3563 1856 3622 rehabere
1876 3567 2086 3624 commissiones
2106 3568 2195 3624 asnis
2209 3567 2268 3625 Ec-

245 3667 330 3728 gaam
359 3645 437 3722 apud
465 3656 564 3704 omnes
592 3663 673 3720 spem
699 3643 826 3701 excitant
847 3645 890 3700 rei
911 3645 939 3700 in
962 3645 1016 3701 hac
1037 3661 1122 3702 ortua
1142 3661 1230 3720 prae·
1279 3647 1515 3724 clesiis,'quibus
1537 3647 1647 3706 traditis
1667 3657 1698 3705 et
1716 3646 1797 3705 lectis
1816 3659 1848 3706 et
1867 3647 1944 3707 lacta
1966 3660 2111 3728 potestate
2132 3667 2197 3709 rem
2220 3663 2268 3709 to-

243 3735 323 3793 clare
345 3731 512 3806 utiliterque
533 3729 681 3804 agendae,
702 3728 781 3804 apud
803 3747 887 3806 qnos,
915 3731 938 3785 si
954 3729 1024 3786 nbat
1039 3727 1230 3802 effecerimus,
1280 3743 1339 3790 tam
1366 3731 1622 3806 commemorandi,
1649 3725 1839 3794 Morrrncm
1859 3733 2036 3812 reliquorum
2058 3737 2174 3794 nomiae
2191 3753 2269 3794 cau-

245 3815 357 3879 ridiculi
384 3831 453 3870 saue
482 3814 584 3872 merito
613 3812 795 3885 habebimur,
827 3813 880 3870 sed
903 3811 989 3870 etiam
1010 3813 1090 3890 quod
1111 3814 1149 3870 de
1169 3815 1230 3870 istis
1280 3835 1339 3873 sam
1361 3817 1556 3890 recensuisse,
1584 3834 1691 3893 nempe
1713 3817 1828 3876 dissidia
1848 3827 1924 3875 tetra
1944 3832 2008 3897 post
2029 3821 2172 3898 publicam
2195 3839 2268 3898 pro-

244 3900 348 3958 nostn's
376 3897 532 3953 actionibus
552 3899 615 3954 Deo
641 3897 697 3975 ipsi
723 3898 752 3953 in
775 3909 907 3954 extrema
928 3897 976 3956 die
997 3900 1138 3956 rationem
1159 3898 1229 3955 red·
1280 3901 1485 3977 mulgationem
1514 3900 1632 3957 interim
1654 3903 1812 3980 Augustani
1832 3901 1863 3959 in
1884 3903 2014 3964 Ecclesia
2034 3904 2139 3964 Christi
2161 3917 2270 3966 exorto

244 3985 317 4054 dere
345 3981 460 4038 omnino
487 3997 640 4056 cogemur,
670 3991 876 4057 praeterquam
904 3981 981 4057 quod
1008 3975 1163 4039 Ecclesiae
1175 3981 1230 4038 Dei
1280 4001 1359 4057 esse,
1396 3994 1427 4042 et
1454 3985 1532 4042 inter
1560 3983 1692 4042 ductores
1718 3985 1796 4043 varia
1823 3987 1928 4064 scripta
1955 4007 2069 4066 sparsa,
2102 4008 2270 4072 gravesque

245 4067 400 4147 plurimum
429 4075 479 4122 aut
505 4067 606 4122 obesse
634 4076 683 4122 aut
711 4063 868 4142 prodesse,
894 4066 917 4122 si
939 4065 1045 4123 derue
1066 4065 1230 4122 autminus
1279 4068 1487 4126 controversias
1514 4079 1620 4142 motas,
1655 4069 1757 4146 quibus
1778 4071 1898 4150 pusillus
1920 4063 1993 4150 gres
2014 4072 2120 4132 Christi
2141 4075 2270 4136 horribi-

136 4163 143 4176 ’
245 4167 380 4230 memus,
406 4150 574 4226 poterimus.
624 4151 724 4215 Quare
753 4167 803 4206 ros
829 4165 885 4227 per
911 4149 1025 4206 unicum
1053 4159 1230 4206 servatorem
1280 4151 1349 4210 liter
1375 4153 1505 4210 turbatus
1527 4163 1558 4210 et
1579 4152 1707 4211 otlensus
1728 4163 1814 4212 esset.
1862 4157 1936 4214 Cum
1957 4167 2055 4216 alitem
2075 4157 2131 4217 hoc
2153 4171 2271 4222 tantum

242 4245 388 4307 nastrum,
425 4234 474 4309 qui
501 4253 554 4312 pro
583 4233 662 4290 nobis
689 4251 722 4289 ac
750 4242 810 4290 toto
838 4232 945 4290 ntundo
972 4234 1178 4310 semetipsum
1200 4233 1230 4290 in
1280 4235 1447 4294 scandalum
1471 4237 1565 4294 adhuc
1593 4237 1680 4298 duret
1708 4247 1739 4296 et
1767 4237 1905 4316 impediat
1931 4261 2046 4300 crustum
2072 4261 2105 4301 ac
2137 4241 2271 4306 inuictum

244 4331 410 4379 extremum
431 4317 550 4374 exitium
572 4317 813 4394 ignominiamque
834 4315 969 4392 tradidit,
996 4335 1109 4375 oramus
1125 4335 1158 4375 ac
1177 4318 1229 4375 ob·
1280 4318 1445 4398 Evangelii,
1480 4339 1512 4378 se
1539 4322 1657 4382 tandem
1686 4321 1818 4400 precibus
1846 4341 1879 4382 ac
1900 4327 2051 4402 gemitibus
2071 4327 2201 4404 piorum,
2237 4343 2272 4392 et

243 4422 388 4464 sacramus
410 4409 440 4459 et
461 4411 565 4478 terque
587 4413 747 4478 quaterque
768 4403 956 4476 obtestamur,
978 4419 1017 4460 ne
1039 4401 1121 4459 nimis
1142 4419 1229 4479 prae·
1279 4405 1406 4482 inprimis
1434 4415 1467 4464 ut
1494 4423 1601 4463 nomen
1621 4404 1677 4464 Dei
1705 4405 1931 4468 sarrrtificaretur
1952 4421 1983 4470 et
2003 4409 2115 4486 sincera
2136 4413 2272 4476 doctrina

242 4490 396 4565 cipitanter
425 4495 523 4544 tantae
550 4503 652 4543 causae
679 4485 820 4542 actionem
849 4486 1039 4564 abrumparis,
1070 4485 1123 4542 sed
1149 4486 1230 4561 prius
1280 4501 1416 4567 tanquam
1442 4489 1606 4566 depositum
1635 4507 1652 4546 a
1675 4489 1737 4547 Deo
1768 4491 1905 4552 traditum
1931 4503 1963 4554 et
1989 4488 2207 4556 sueverendo
2236 4501 2271 4560 in

244 4573 388 4631 nobiseum
418 4572 524 4627 iterum
551 4579 639 4646 atque
667 4571 772 4627 iterum
793 4579 825 4627 et
846 4571 960 4647 saepius
980 4571 1138 4648 diligenter
1159 4589 1229 4626 con-
1279 4573 1391 4632 Christo
1420 4585 1504 4652 patre
1531 4575 1567 4632 Ι),
1590 4567 1748 4636 Martius
1772 4571 1923 4638 Luam
1949 4581 2036 4638 egam
2063 4581 2198 4642 relietum
2227 4585 2270 4644 ng

243 4656 359 4727 larana,
394 4663 425 4710 et
459 4662 561 4730 postea
592 4653 680 4711 etiarn
707 4652 746 4711 de
773 4663 870 4712 nostra
897 4657 1040 4713 sententia
1067 4673 1133 4713 cum
1161 4655 1229 4732 ipsis
1280 4667 1409 4734 posteros
1431 4659 1708 4737 propagaripossit,
1734 4659 1888 4740 adductos,
1910 4673 1941 4722 ut
1961 4666 2054 4742 piam,
2082 4675 2212 4743 optatam
2232 4687 2271 4730 aa

243 4755 359 4821 quoqne
395 4737 492 4795 denuo
526 4737 735 4814 colloquamini.
800 4737 861 4796 Nos
894 4740 972 4796 enim
1006 4757 1077 4798 sane
1103 4758 1162 4798 non
1189 4739 1230 4798 ita
1279 4742 1434 4800 salutarem
1455 4742 1680 4820 pacificationem
1705 4754 1871 4821 tentarent,
1898 4748 1953 4808 etsi
1974 4761 2145 4828 agnoscant,
2172 4770 2207 4812 se
2227 4754 2271 4813 sd

243 4824 395 4903 pueriliter
417 4821 506 4880 tinem
527 4821 593 4880 huic
613 4823 717 4880 araturi
739 4821 889 4898 imponere
901 4823 1072 4900 cogitamus,
1098 4823 1229 4883 sedDeo
1279 4836 1388 4884 tantam
1418 4843 1482 4884 rem
1504 4825 1717 4900 transigendam
1739 4847 1797 4888 non
1819 4847 1883 4890 esse
1903 4834 1971 4892 satis
1990 4833 2125 4893 idoneosa
2162 4854 2270 4896 rerum

244 4927 296 4967 nos
322 4908 440 4964 iurante
469 4906 583 4962 omnino
611 4907 719 4984 aliquid
748 4907 853 4964 serium
881 4924 915 4964 ac
944 4917 1024 4966 tanto
1046 4909 1160 4984 negotio
1182 4908 1228 4966 di·
1277 4928 1343 4972 cum
1366 4910 1415 4968 alii
1442 4909 1525 4968 multi
1552 4909 1690 4970 hactenus
1712 4931 1777 4972 eam
1798 4917 1971 4992 provincius
1991 4917 2199 4994 detrectarint,
2236 4942 2270 4982 se

243 5009 338 5070 girum
353 4991 442 5066 igere
462 5005 497 5046 ac
518 4999 648 5063 tentare,
673 5009 788 5068 quoquo
809 4988 895 5048 mode
916 5009 963 5050 res
977 4993 1128 5066 ceciderit,
1150 4992 1228 5050 coei-

1184 5039 1201 5069 e
1282 5045 1488 5068 uam

243 5091 344 5136 tamos.
388 5073 526 5130 Dominus
548 5073 627 5130 lesus
650 5085 680 5131 et
702 5095 751 5131 ros
773 5085 804 5132 et
825 5093 876 5132 nos
898 5085 929 5133 et
949 5077 1017 5135 istos
1038 5078 1141 5151 etiam,
1162 5096 1228 5135 cum
1385 5137 1390 5150 ,

241 5159 343 5239 quihus
364 5158 490 5234 agimus,
524 5155 654 5216 homines
683 5175 733 5215 suo
755 5169 852 5218 sancto
873 5160 982 5237 Spiritu
1003 5170 1101 5238 regat,
1136 5171 1168 5218 et
1189 5177 1227 5219 ex
1314 5141 1339 5207 1)
1360 5135 1421 5193 W·
1436 5135 1517 5196 ΜΒ·
1531 5133 1588 5194 ¹²⁰·

241 5262 293 5306 sus
314 5242 443 5302 Ecclesia
471 5242 565 5299 omnia
592 5241 742 5316 mudule,
775 5259 890 5301 errores
916 5255 950 5302 et
969 5243 1144 5302 offendicula
1164 5244 1226 5302 cle-
1310 5225 1339 5291 ²)
1359 5223 1386 5274 ὁ·
1404 5221 1443 5274 ¹⁸·
1459 5222 1514 5276 ¹³¹¹·

240 5337 356 5386 menter
378 5325 478 5402 tollat,
505 5329 607 5385 Amen.
651 5327 777 5402 esuriet,
804 5323 855 5386 23.
879 5327 1018 5403 ianuarii,
1049 5327 1140 5390 lbb7.
1310 5308 1339 5373 8)
1358 5305 1486 5376 Sequitur
1504 5315 1694 5404 agamestoris
1709 5309 1975 5380 epistolseScnstuc.

1310 5390 1579 5517 nagog-”3:23
1589 5392 1717 5516 igniis?
1734 5397 1844 5452 mendo.
1884 5399 1946 5454 b'id.
1961 5403 2040 5457 ctiam
2057 5401 2172 5458 Peuccrl
2188 5408 2270 5478 epist.
