4722 6198
2193 317 2268 390 sto
2355 301 2356 316 ‘

1368 477 1464 552 Haec
1487 497 1570 554 sunt
1586 485 1691 576 plana
1709 497 1743 556 ct
1766 489 1970 580 perspicua,
1997 503 2032 560 et
2055 485 2191 562 liabent
2212 507 2264 562 te-

219 585 310 654 riam
337 606 434 666 esse,
465 598 499 656 et
525 596 680 653 nostram
707 581 918 655 sententiam
943 583 1048 673 plane
1065 581 1216 669 intelligi
1265 581 1432 653 stimonia
1458 586 1599 674 piorum
1626 589 1665 656 in
1692 590 1843 660 assiduis
1864 592 2038 662 exercitiis
2069 593 2260 684 poeniteu-

218 709 295 758 non
321 685 536 760 dubitamus.
597 680 694 770 Quid
723 697 839 755 atatem
867 677 959 752 haec·
975 695 1087 755 vestra
1108 683 1215 753 verba
1266 685 1335 752 tiae
1363 701 1397 756 et
1426 687 1682 774 invocationis,
1716 694 1760 762 de
1784 694 1914 786 quibus
1936 694 2092 785 Spiritus
2117 709 2261 764 sanctus

222 788 435 878 significent:
462 800 574 856 totum
590 780 679 872 boc,
703 787 799 877 quod
820 779 928 854 habet
944 785 1117 879 rationem
1136 807 1216 874 pec·
1265 786 1507 858 testimonium
1540 792 1600 860 dat
1631 793 1774 883 spiritui
1808 809 1941 865 nostro.
1994 793 2081 865 ltem
2104 793 2263 886 Spiritus

223 889 484 962 catisublatum
505 901 578 971 est,
612 887 692 980 quis
714 885 904 976 iutelligit?
956 885 1148 975 Quodnam
1164 898 1216 954 est
1264 902 1405 959 sanctus
1422 891 1618 992 opitulatur
1634 895 1830 967 infirmitati
1848 911 1999 968 nostrae.
2048 891 2095 966 Et
2112 899 2261 990 quidem
2355 917 2356 920 ’

216 310 298 396 sao⁴
793 241 1234 382 nrrsrousauu
1284 283 1528 392 nruxru
1579 237 1712 388 asar.

214 453 375 565 tualibus
402 479 670 574 proprietatem·
684 491 720 548 et
747 477 1032 570 perspicuitatem
1059 495 1218 548 necessa-

90 991 97 1004 *
220 993 313 1062 illud
338 989 476 1062 totum?
534 985 722 1077 Ancaligo
739 989 775 1058 in
790 1001 927 1071 mente,
962 989 1215 1070 dubitationes,
1264 991 1439 1076 docemus,
1460 995 1593 1072 cultum
1611 993 1678 1066 Dei
1696 999 1930 1074 necessarium
1947 1022 2022 1070 esse
2039 1012 2157 1090 petere
2174 999 2262 1090 Spi-
2355 1045 2356 1056 ,

220 1094 373 1167 carnalis
397 1092 547 1162 servitus
572 1104 605 1160 et
625 1091 755 1160 similia
778 1091 890 1175 mala,
917 1113 1061 1180 prorsus
1077 1091 1213 1158 sublata
1264 1091 1372 1162 ritum
1389 1109 1570 1181 sanctum,
1596 1113 1634 1180 ut
1650 1099 1821 1192 scripturn
1838 1114 1903 1170 est:
1929 1099 2037 1198 petite
2053 1107 2086 1180 et
2103 1100 2261 1198 accipie·
2355 1103 2356 1178 I

220 1195 325 1266 sunt?
366 1192 607 1264 ldeoanobis
625 1192 662 1262 in
679 1192 860 1282 superiore
879 1194 1010 1285 scripto
1028 1191 1213 1282 explicatio
1263 1190 1322 1262 tis.
1375 1193 1479 1265 Item:
1508 1193 1799 1294 quantomagis
1826 1197 2064 1299 dadltpater
2094 1201 2261 1274 coelestis
2355 1215 2356 1218 ’

221 1298 330 1388 petita
348 1310 412 1371 (nst,
844 1293 847 1301 '
1263 1289 1445 1389 Spiritum
1468 1310 1637 1371 sanctam
1659 1302 1873 1399 palantibus.
1932 1303 2035 1375 Hanc
2058 1303 2260 1376 doctrinam

219 1438 222 1446 .
1263 1407 1296 1464 et
1319 1423 1436 1467 veram
1458 1423 1531 1470 esse
1556 1417 1590 1473 et
1613 1405 1681 1495 piis
1707 1407 1830 1476 utilem
1847 1407 2073 1478 manifestum
2094 1421 2164 1492 est,
2186 1423 2222 1476 et
2241 1435 2258 1474 a

1263 1499 1384 1570 multis
1396 1501 1508 1573 doctis
1523 1505 1610 1574 viris
1624 1520 1658 1575 et
1673 1507 1794 1597 peritis
1808 1510 1846 1578 in
1861 1507 2017 1578 Ecclesia
2035 1533 2137 1600 saepe
2154 1533 2259 1600 repe-

219 1680 224 1689 ¹
1263 1599 1361 1670 titam
1379 1625 1461 1688 esse,
1488 1629 1563 1674 non
1579 1609 1729 1678 dubium
1748 1623 1817 1696 est,
1839 1609 1920 1704 quia
1937 1635 2010 1680 nou
2027 1612 2142 1680 solum
2163 1627 2260 1680 vetr-

217 1788 220 1796 ,
323 1700 365 1769 ln
399 1700 556 1788 catalogo
584 1697 818 1768 articulorum
844 1695 949 1764 nobis
976 1689 1134 1766 exhibito
1160 1719 1214 1764 se·
1261 1725 1327 1782 res,
1352 1701 1516 1791 Basilius,
1538 1704 1762 1796 Ambrosius,
1788 1713 2019 1802 Augustinus,
2047 1711 2205 1805 Prosper
2228 1729 2259 1784 rt

220 1805 357 1876 candus
371 1817 436 1872 est:
475 1795 517 1870 de
532 1797 647 1868 libero
664 1796 842 1882 arbitrio,
869 1799 912 1866 de
928 1821 998 1890 <pro
1020 1811 1141 1868 noster
1156 1822 1213 1867 ar·
1260 1804 1322 1873 alii
1335 1805 1480 1896 quidam
1498 1811 1542 1878 de
1560 1829 1599 1881 ea
1619 1797 1801 1903 perspicue
1818 1814 2046 1905 scripserunt,
2071 1818 2133 1884 sed
2153 1816 2255 1884 etiam

217 1907 347 1977 ticulus
373 1903 411 1972 in
435 1903 656 1972 confessione
676 1914 843 1991 augustae
860 1894 1015 1968 exhibita
1039 1900 1167 1991 planus
1180 1913 1214 1969 et
1260 1907 1474 1977 recentiores
1496 1906 1747 2000 Bernhardus,
1779 1913 2063 2000 Cameracensis,
2099 1913 2251 1986 Durssa-

216 2007 424 2100 perspicuus
442 2019 513 2090 est,
547 2018 579 2073 et
596 2028 640 2072 ne
657 2017 741 2072 tunc
757 2001 899 2096 quidem
917 2001 1136 2091 improbatus
1151 2015 1212 2073 est.
1261 2009 1316 2078 lus
1333 2005 1366 2102 *)
1384 2010 1505 2085 etalii.
1874 1995 1877 2002 ¹

213 2108 271 2180 'Ac
287 2109 507 2198 iudicamus,
529 2105 798 2196 explicationem
820 2117 979 2174 nostram
997 2103 1120 2173 utilem
1140 2127 1212 2176 esse

505 1507 695 1584 Secundus
723 1507 928 1582 Artr'culus.

216 2210 427 2300 disciplinae
442 2223 477 2280 et
487 2204 686 2290 Ecclesiae,
707 2230 788 2278 cum
804 2205 972 2290 dicimus,
996 2229 1086 2297 quae
1102 2205 1212 2276 liber-

216 2313 327 2390 tasiu
344 2311 526 2381 voluntate
545 2310 590 2379 sit
604 2309 760 2402 reliqua,
789 2307 954 2378 videlicet
968 2309 1142 2396 regendae
1157 2308 1211 2378 lo-

218 2414 434 2498 cumotivae,
465 2426 499 2482 et
515 2413 610 2506 quod
629 2412 793 2485 voluntas
809 2403 965 2479 humana
980 2409 1056 2478 sine
1074 2407 1211 2502 Spiritu

217 2531 337 2588 sancto
358 2539 434 2602 non
457 2515 571 2607 possit
591 2514 725 2584 allicere
748 2523 866 2584 motus
889 2511 1077 2590 interiores
1099 2507 1210 2590 aDeo

215 2631 437 2712 praeceptos,
463 2629 503 2688 ut
527 2617 693 2688 timorem
709 2611 794 2698 Dei,
824 2613 950 2698 fidem,
983 2611 1210 2686 dilectionem

215 2719 301 2806 Dei,
335 2718 568 2792 constantiam
594 2730 627 2787 et
651 2716 763 2786 robur
783 2716 821 2794 in
839 2714 1079 2800 confessione,
1107 2715 1210 2786 casti-

215 2835 322 2898 tatem
340 2821 475 2906 cordis,
508 2833 545 2893 et
559 2819 694 2890 similes
719 2817 910 2889 interiores
927 2817 1096 2900 virtutes,
1121 2841 1210 2912 quae

216 2937 357 3001 suntet
378 2919 615 3012 nominantur
630 2921 765 2990 fructus
783 2919 942 3009 spiritus.
994 2915 1072 2988 Hac
1090 2931 1210 2992 nostra

215 3025 444 3103 distinctione
468 3038 506 3096 et
523 3021 703 3112 Pelagiani
727 3035 762 3092 et
777 3015 981 3094 Manichaei
1001 3021 1210 3106 refutantur,
1283 3075 1289 3091 .

215 3141 252 3200 et
272 3127 459 3218 disciplina
482 3125 728 3214 confirmatur,
768 3135 802 3192 et
825 3123 935 3192 simul
965 3135 1210 3196 monstrantur
1279 3187 1283 3196 .

214 3228 468 3303 beneficiafilii
483 3225 572 3313 Dei,
603 3224 777 3318 promissa
792 3225 830 3294 in
842 3222 1056 3314 Evangelio,

215 3394 240 3469 Q
258 3415 261 3420 ·
316 3379 479 3453 Dicimus
493 3403 565 3450 non
582 3391 724 3448 renatos
739 3391 773 3448 et
787 3379 914 3447 debere
930 3389 965 3447 et
981 3399 1081 3468 posse
1090 3399 1208 3468 regere

213 3478 506 3564 incombinatus
523 3495 564 3552 nt
589 3479 725 3551 externi
759 3493 875 3567 gestus
901 3479 1099 3569 congruant
1127 3503 1207 3550 cum

213 3583 382 3678 le‘ge'Dei.
431 3582 485 3655 Dc
501 3582 654 3680 externis
671 3580 869 3652 actionibus
885 3601 924 3651 ac
939 3583 983 3650 de
999 3577 1055 3650 his
1071 3581 1205 3652 dictum

212 3703 280 3760 est:
305 3685 379 3781 ‘lea
396 3694 448 3756 est
469 3679 772 3854 iniustirposr'ta.
818 3678 1070 3764 ¹Adfirmamus
1089 3697 1206 3754 autem

210 3778 500 3862 banc'externar'n
517 3785 630 3877 discip
646 3781 742 3866 in'am
758 3799 821 3854 nec
834 3785 1029 3856 satisfacere
1046 3785 1115 3884 legi
1127 3781 1207 3870 Dei,

211 3893 280 3962 'nec
295 3891 464 3962 iustitiam
482 3888 555 3960 esse
572 3877 648 3959 Deo
669 3887 884 3978 placentem,
902 3889 980 3957 'nec
1001 3885 1130 3955 mereri
1148 3908 1206 3954 re-

1360 2155 1464 2232 Clare
1487 2163 1592 2234 etiarn
1614 2167 1859 2256 adfirmamus,
1889 2195 1963 2242 nou
1983 2194 2057 2242 esse
2075 2169 2254 2264 Spiritum
2355 2191 2356 2196 ’

1261 2272 1421 2332 sanctum
1443 2263 1482 2333 in
1506 2259 1580 2352 his,
1612 2269 1771 2362 quinon
1798 2273 1957 2344 retinent
1977 2273 2256 2344 tundamentum

1260 2361 1359 2448 fidei,
1382 2367 1426 2433 de
1443 2391 1513 2456 quo
1529 2367 1661 2442 Paulus
1677 2371 1809 2466 inquit:
1826 2370 2124 2474 fundamentum
2143 2372 2263 2446 alind

1257 2462 1350 2574 parri
1365 2489 1439 2535 noa
1450 2477 1567 2562 potest
1581 2481 1726 2568 praeter
1742 2469 1786 2543 id
1799 2471 1901 2574 quod
1909 2479 2071 2574 positam
2089 2487 2162 2556 est,·
2186 2504 2257 2548 nec

1242 2567 1299 2635 in
1314 2565 1386 2636 illis
1400 2591 1474 2638 esse
1491 2571 1652 2660 dicimus,
1677 2576 1738 2668 qui
1758 2593 1983 2668 perseverant
2001 2579 2038 2649 in
2058 2579 2257 2650 sceleribus

1259 2681 1380 2740 contra
1396 2673 1667 2758 conscientiam,
1693 2691 1729 2748 et
1743 2682 1856 2751 excuti
1877 2705 1917 2750 ex
1933 2682 2101 2754 cordibus
2114 2706 2259 2766 eorum,

1259 2770 1321 2862 qui
1338 2771 1487 2845 suerunt
1508 2777 1640 2863 renati,
1666 2804 1746 2850 cum
1770 2784 1932 2872 dogmata
1954 2777 2151 2877 pugnantia
2170 2809 2256 2854 cum

1256 2872 1487 2946 fundamento
1502 2879 1782 2971 amplectuutur,
1807 2898 1869 2956 aut
1889 2909 1968 2956 rum
1983 2900 2096 2956 ruunt
2118 2883 2160 2954 in
2181 2909 2253 2956 sre-

1257 2973 1328 3044 lera
1343 2989 1465 3048 contra
1487 2983 1750 3074 conscientiam.
1804 2983 1953 3068 Galsa:
1979 2985 2047 3084 pau'
2065 2984 2171 3076 talia
2184 2989 2249 3086 so-

1256 3085 1372 3161 crunt,
1400 3101 1550 3176 regnum
1567 3079 1648 3152 Dei
1661 3109 1735 3154 aaa
1746 3083 1996 3185 possidebunt.

1261 3313 2248 3348 *ww-rum...

1262 3468 1333 3544 No·
1354 3473 1467 3550 6578.
1516 3466 1518 3477 ἱ

1257 3571 1466 3606 Μ

2103 3473 2248 3568 'asoa

2110 3593 2249 3622 M

1296 3673 1559 3768 Academia
1579 3681 1740 3771 Wiret.
1758 3684 1825 3774 mi
1838 3675 2206 3816 Meiaatlrorrem.

1354 3855 1462 3928 Scripta
1483 3856 1559 3929 publ.
1574 3857 1687 3918 Witeb.
1704 3857 1752 3942 ΙΙΙ..
1771 3877 1799 3931 p.
1811 3864 1872 3920 122

211 3995 419 4078 missionem
441 4003 684 4088 peccatorum,
723 3987 960 4101 necassent,
1000 4007 1070 4080 ‘1¹¹⁰
1096 3982 1204 4055 l¹⁰ffl⁰
1253 3999 1435 4096 „Literna
1455 4032 1480 4077 a
1502 3961 2022 4108 Professoiibus,Aaadimias
2052 4017 2253 4094 Witeber-

211 4066 335 4166 borini
346 4093 564 4180 Dtloblilsillsi,
586 4089 699 4172 lilim,
716 4099 884 4181 ''dccepills
900 4090 956 4172 Sil,
982 4089 1041 4158 sed
1061 4101 1205 4180 propiet
1249 4110 1375 4202 {mis
1398 4105 1455 4182 ad
1473 4105 1870 4191 RCVCTZBde-Vil'um
1897 4118 1953 4196 D¹
1982 4115 2110 4198 Phil·
2139 4121 2198 4194 M
2203 4150 2253 4196 3,

212 4195 299 4267 illes
315 4194 526 4304 causis,''de
549 4193 676 4293 quibus
692 4192 1051 4310 ⁸¹¹⁰„1020'qfflclffl11'82
1085 4213 1204 4260 ”tets-
1251 4205 1527 4300 lapidariam
1557 4225 1821 4314 praeceptorem
1845 4217 1999 4306 missae,
2034 4217 2091 4298 ad
2114 4249 2251 4300 conso-

211 4299 339 4370 teriam
358 4307 442 4410 esti·
494 4304 510 4419 ν’
574 4371 578 4382 .
624 4304 627 4321 ’
657 4297 695 4382 ''.
820 4303 824 4328 ²
896 4305 919 4326 ”
1056 4317 1062 4329 ’
1144 4321 1146 4324 ’
1250 4309 1409 4398 landun
1432 4339 1532 4404 eum,
1557 4326 1754 4416 postquam
1775 4343 1815 4392 eo
1835 4321 1983 4396 absente
2005 4327 2083 4400 er'as
2105 4330 2252 4402 conitar

1484 4482 1487 4492 .
1602 4424 1884 4502 mortuaessel?

180 4441 186 4444 ⁸
297 4450 450 4531 Sectile
473 4446 627 4518 motibus
647 4402 900 4556 iriteu'pribus,
935 4445 1101 4538 quisunt
1125 4447 1203 4521 sru.

211 4567 287 4626 ctus
302 4553 467 4645 spiritus,
498 4563 533 4617 et
547 4550 705 4617 indicant
731 4547 968 4615 obedientiam
986 4547 1202 4638 interiorem,
1249 4555 1336 4636 Etsi
1352 4565 1421 4633 tam
1438 4586 1500 4635 νο,
1522 4567 1559 4634 fn
1578 4565 1705 4638 {finem
1722 4543 1795 4642 9333
1810 4575 2057 4665 sperabamus,
2085 4597 2120 4653 et
2136 4579 2250 4656 nom·
2355 4547 2356 4574 l

210 4653 439 4752 quam'Deus
466 4651 659 4742 praecepit,
693 4649 863 4765 dicimus,
894 4663 1200 4766 ⁰0⁸·{1101115n00
1249 4659 1483 4738 Inachimum
1506 4657 1765 4741 camerarium
1795 4677 1896 4746 vobis
1924 4681 2160 4755 redeuntibus
2181 4711 2249 4756 or-

209 4781 317 4852 posse
335 4756 422 4826 ellici
448 4757 523 4822 sine
537 4749 732 4839 Evangelio
752 4761 786 4818 et
810 4770 885 4816 srne
901 4748 1038 4839 Spffllu
1059 4765 1199 4838 δῆὓθῑῦἱ
1238 4791 1451 4842 cursurum:
1483 4783 1602 4840 tamen
1625 4772 1754 4844 animis
1777 4779 1996 4872 acquiescere
2019 4805 2094 4852 non
2117 4791 2247 4878 potui·

209 4863 299 4932 sirm
322 4858 489 4948 scriptum
512 4867 579 4924 est:
610 4851 689 4923 sr'ae
711 4870 766 4916 me
783 4842 886 4916 nihil
898 4850 1199 4951 patratiasacm.

209 4961 356 5034 Certum
376 4970 587 5042 willemi
623 4953 698 5022 dari
717 4948 889 5068 SPJflluffl
909 4951 1040 5026 ΒΑΜ
1059 4956 1199 5026 lwtt-
1246 4989 1487 5048 statueremus.
1528 4970 1686 5047 Oramus
1700 4993 1838 5064 arratam,
1864 4993 1903 5052 ut
1918 4983 2155 5060 sollicitudini
2173 5017 2247 5062 no·
2355 4989 2356 4994 ’

207 5063 370 5148 versione
384 5062 489 5130 corda
505 5078 589 5125 voce
604 5049 789 5140 Evangelia
806 5067 1066 5170 sustentantur,
1101 5055 1197 5130 iuxta
1244 5077 1519 5166 ,tfaejgnoscaffi
1572 5073 1867 5166 Quaedamenpm
1892 5083 1953 5154 ,353
1971 5109 2044 5156 non
2068 5089 2226 5162 incunda
2355 5117 2356 5142 ,

205 5165 357 5278 dle-¹⁰¹³}
391 5159 504 5277 ⁰0:¹²¹·st
532 5150 587 5226 “d
610 5177 664 5222 '¹²⁶
686 5176 828 5271 ΨΜ,
862 5177 926 5252 <1¹⁴¹
955 5150 1140 5238 l⁰b⁰ml¹⁸⁸
1164 5167 1196 5230 ²²
1244 5191 1397 5252 attamen
1441 5179 1635 5249 necessaria
1675 5179 1742 5252 tibi
1786 5183 2013 5275 significanda
2056 5149 2243 5270 duximus:
2355 5197 2356 5204 ’

208 5272 351 5336 onerata
369 5271 475 5340 estas,
501 5265 616 5349 elego
641 5250 799 5346 rejiciam
824 5279 896 5331 vas.
949 5255 1036 5340 ltem
1059 5261 1104 5328 ad
1121 5255 1196 5332 Ga-

181 5413 186 5418 ·
204 5368 265 5441 lat.
281 5371 332 5440 aa
361 5371 398 5433 ut
417 5355 694 5460 promissionem
712 5357 868 5454 spiritus
885 5359 1112 5455 accipiamus
1130 5381 1196 5456 per

199 5461 323 5560 fidem.

1276 5489 1306 5550 δ)
1325 5485 1371 5543 Sic
1384 5485 1516 5558 scripturn
1529 5495 1583 5558 est,
1600 5487 1646 5543 sed
1658 5489 1836 5570 mendoseut
1846 5492 1962 5552 ridetur.

1249 4896 1342 4956 mus,
1376 4871 1464 4963 quin
1486 4873 1660 4943 nasucium
1684 4870 1780 4946 bunc
1799 4881 1843 4948 ad
1868 4894 1902 4951 te
1927 4883 2143 4957 mittendum
2167 4913 2248 4960 esse
2355 4895 2356 4942 ἲ
