4718 6176
217 279 266 350 75
412 229 413 232 ‘
775 256 1211 342 urrsronsnnu
1261 253 1368 330 mn.
1396 253 1497 332 suu.
1550 253 1686 334 1⁶67.
2192 255 2242 330 vo

216 440 518 531 Brunsvieensr's,
542 437 842 529 Hamburgensis,
865 431 1100 518 Lubecensis,
1127 430 1202 502 Lu·
1253 427 1428 513 iecissent,
1453 425 1518 498 etsi
1534 427 1701 498 omnibus
1717 425 1788 496 illis
1806 427 2114 518 praegravabatur,
2140 447 2244 520 qnas-

217 549 470 640 neburgensis,
507 559 548 615 ut
574 543 646 614 sint
672 533 859 634 διαιτηταί
888 551 922 610 et
952 534 1080 608 arbitri
1110 533 1204 604 inter
1255 529 1337 602 dam
1354 544 1472 602 tamen
1485 529 1634 621 recepit,
1665 532 1835 622 quasdam
1851 523 2067 620 repudiavit
2099 527 2171 600 Sed
2190 530 2249 596 in·

217 647 395 724 Florium
422 662 456 720 et
479 671 548 720 me.
611 643 694 716 Dixi
722 667 779 712 me
808 665 885 711 non
912 659 1092 717 recusare,
1130 659 1202 728 quo
1256 631 1367 702 clulsit
1393 655 1434 702 ac
1457 631 1584 702 tribuit
1602 631 1652 702 eis
1680 631 1852 712 nimium,
1887 643 1922 700 et
1943 655 1988 700 ne
2012 625 2079 700 hac
2102 630 2250 702 lenitate

217 756 338 824 uulnus
375 751 563 822 instituant
597 743 934 816 reconciliationem.
1008 737 1080 810 Sed
1113 737 1204 806 velle
1256 757 1391 804 novum
1423 732 1492 802 sibi
1520 733 1717 822 pericnlum
1750 731 1932 814 conciliet,
1976 746 2010 804 et
2034 755 2115 804 mox
2142 731 2251 805 novis

217 881 293 940 rire,
319 867 359 924 ut
371 855 414 924 de
429 866 506 922 toto
521 873 669 939 corpore
685 846 878 919 Doctrinae
891 853 1024 935 agatur.
1077 836 1135 910 llli
1148 839 1205 906 di·
1257 835 1458 926 implicetur
1470 834 1735 934 certaminibus,
1760 858 1895 928 suoque
1909 834 2090 923 iuguletur
2104 835 2250 906 undem

218 973 309 1026 sorte
332 955 446 1026 testati
473 967 575 1034 sunt,
607 973 740 1019 senon
764 947 901 1032 venire,
926 957 967 1014 nt
983 944 1026 1012 de
1043 940 1204 1012 ductrina
1257 937 1393 1028 gladio,
1417 949 1549 1012 metuo.

218 1057 425 1128 instituatur
454 1053 614 1138 collatio;
652 1063 788 1122 tantum
814 1071 850 1118 se
880 1043 1206 1116 reconciliationem
1358 1036 1578 1110 Sententiam
1592 1039 1637 1110 de
1652 1037 1781 1108 oblatis
1797 1037 2063 1110 conditionibus
2074 1029 2255 1134 Philippa·

217 1171 415 1232 tentaturos
436 1178 520 1224 esse.
570 1148 701 1224 Adhuc
723 1150 832 1241 igitur
855 1171 935 1218 cum
955 1139 1093 1217 Flace'o
1114 1143 1207 1214 deli·
1257 1141 1303 1210 ad
1328 1162 1431 1210 suum
1455 1141 1655 1210 retulerunt
1678 1139 1879 1232 pontificem
1902 1139 2028 1230 legati,
2061 1139 2162 1213 cuius
2185 1143 2252 1210 de-

217 1263 356 1342 herant,
381 1253 656 1352 quosarticulos
673 1243 992 1344 mihiproponant.
1042 1245 1206 1316 Neccer-
1258 1255 1350 1310 creta
1374 1241 1444 1310 iam
1467 1254 1699 1332 expectamus.
1765 1240 1960 1312 Historiam
1986 1241 2096 1311 totius
2119 1255 2252 1311 tracta·

217 1364 310 1432 tiora
334 1361 405 1429 iam
423 1357 576 1428 scribere
590 1379 752 1446 possum,
780 1353 861 1446 quia
879 1351 1041 1420 nondum
1060 1361 1205 1418 ventum
1259 1343 1367 1412 tionis
1394 1343 1562 1428 scribam,
1587 1343 1651 1414 uhi
1667 1343 1765 1412 linita
1780 1343 1902 1425 luerit,
1933 1343 2049 1413 autin
2065 1366 2198 1434 novum
2217 1356 2254 1414 ct

217 1479 272 1533 est
286 1464 329 1532 ad
348 1456 515 1532 ἐπίτασιν
530 1452 637 1526 huius
652 1456 811 1526 actionis.
846 1455 976 1524 Detua
995 1471 1208 1520 causanon-
1259 1445 1370 1536 priori
1386 1445 1501 1514 maius
1516 1445 1720 1516 incendium
1736 1445 1903 1534 eruperit.
1953 1443 2043 1513 Nam
2059 1460 2093 1516 et
2107 1443 2178 1535 ipsi
2193 1444 2254 1513 in-

218 1569 306 1634 dum
330 1563 404 1632 ulla
428 1559 561 1629 mentio
585 1559 752 1632 lactaest.
805 1555 959 1638 Teoro,
985 1565 1077 1622 utet
1096 1549 1207 1639 signi·
1259 1560 1313 1618 ter
1335 1569 1372 1614 se
1395 1547 1631 1636 pacificatores
1655 1547 1837 1615 manifeste
1860 1545 2091 1629 dissentiunt,
2117 1557 2152 1614 et
2175 1545 2252 1637 ple-

218 1672 300 1739 hces
323 1659 413 1732 mihi
431 1674 545 1731 vestra
568 1661 707 1744 omnia,
740 1673 774 1730 et
796 1681 841 1725 ne
864 1677 1040 1747 properes.
1095 1651 1207 1742 Spero
1261 1641 1549 1741 riqueaFloce'o
1564 1649 1799 1738 repudiantur
1815 1661 1985 1740 tanquam
2001 1641 2255 1740 Philipporu-

218 1769 316 1838 enim
337 1765 432 1845 iore,
465 1777 505 1833 ut
529 1763 648 1852 plures
669 1763 714 1830 de
734 1755 800 1828 hac
814 1781 916 1826 causa
932 1758 970 1825 in
989 1755 1207 1848 colloquium
1261 1749 1445 1818 dictiones.
1505 1748 1575 1820 Sed
1604 1763 1676 1819 tota
1698 1749 1788 1818 actio
1811 1749 2021 1818 insidiarum
2045 1761 2080 1818 et
2099 1748 2255 1840 periculi

218 1867 445 1940 conveniant.
495 1861 595 1933 Bene
617 1878 651 1935 et
664 1861 814 1932 leliciter
829 1859 926 1940 vale,
954 1857 1072 1927 cariss.
1088 1857 1208 1928 frater.
1260 1852 1366 1944 plena
1381 1865 1448 1936 est,
1474 1873 1539 1920 nec
1554 1852 1638 1920 dum
1653 1851 1812 1936 intelligo
1828 1850 1915 1942 quid
1931 1862 2133 1943 quaeratur,
2158 1875 2255 1944 quo-

217 1968 287 2040 Die
307 1966 456 2038 laneo.
731 1957 920 2054 Philippus
935 1953 1159 2032 Melanthon.
1262 1976 1304 2020 ve
1333 1953 1481 2021 consilia
1505 1965 1661 2043 spectent
1681 1968 1741 2022 aut
1764 1949 1930 2020 Flaeiana
1957 1963 2017 2020 aut
2043 1951 2254 2040 legatorum,

1262 2055 1326 2124 etsi
1349 2054 1508 2146 plerique
1532 2050 1596 2122 hec
1621 2077 1706 2144 prae
1730 2077 1766 2122 se
1789 2054 1926 2136 ierunt,
1959 2055 2083 2146 quaeri
2099 2055 2254 2124 coniun-

1262 2157 1413 2226 ctionem
1440 2155 1695 2226 Saxonicarum
1726 2151 1968 2224 Ecclesiarum
2003 2177 2085 2223 cum
2118 2170 2252 2228 nostra.

1262 2258 1362 2327 Deus
1384 2257 1514 2347 dirigat
1535 2252 1620 2326 haec
1639 2269 1672 2326 et
1686 2257 1857 2346 gubernet
1874 2256 1918 2326 ad
1933 2255 2081 2345 gloriam
2097 2257 2253 2326 nominis

1262 2358 1317 2429 sui
1339 2373 1373 2428 et
1388 2353 1626 2429 Ecclesiarurn
1647 2358 1808 2428 omnium
1825 2356 1974 2428 salutern
1991 2381 2031 2426 ac
2046 2359 2250 2452 tranquilli-

1261 2460 1387 2532 tatem!

1363 2557 1461 2657 Περὶ
1475 2553 1540 2655 τῆξ
1553 2565 1622 2633 τοῦ
1637 2555 1897 2653 Νεοπτολέμου
1918 2565 2085 2654 τελευτῆς
2096 2553 2133 2654 *)
2157 2585 2245 2654 quae

1263 2662 1386 2731 scribis
1419 2664 1655 2754 comperimus
1683 2677 1776 2732 certa
1804 2687 1877 2731 csse
1901 2663 2006 2732 etiam
2034 2665 2078 2731 de
2100 2662 2252 2731 aliorum

1263 2765 1418 2854 scriptis,
1459 2767 1519 2858 qui
1555 2768 1710 2849 addunt,
1749 2789 1828 2834 curn
1856 2764 1944 2832 seria
1971 2763 2091 2851 magni
2118 2764 2253 2832 doloris

1262 2866 1504 2938 testificatione
1523 2868 1760 2957 poenitentem
1777 2866 1932 2934 animam
1949 2860 2138 2938 exiralasse.
2182 2865 2254 2936 Sed

1262 2967 1383 3038 Norici
1401 2970 1519 3038 nescio
1534 2994 1602 3062 qua
1618 2967 1818 3058 suspicione
1832 2966 1953 3037 inlecti
1970 2967 2046 3036 vini
2063 2967 2255 3050 rnalvatici,

1263 3071 1359 3164 quod
1375 3067 1628 3160 Nocimbergae
1645 3084 1778 3139 emtum
1794 3069 1858 3148 sit,
1890 3069 2040 3138 ridicule
2055 3069 2138 3140 satis
2153 3093 2258 3162 prae-

221 3165 269 3254 S.
294 3175 340 3250 D.
381 3175 442 3247 20.
459 3169 616 3242 ianuarii
631 3182 806 3240 venerunt
822 3164 892 3240 huc
906 3165 1070 3263 Apostoli
1088 3171 1212 3242 civita-
1263 3185 1474 3263 gravantur,
1506 3173 1603 3265 quod
1631 3171 1796 3241 metuisse
1818 3194 1878 3240 eos
1898 3171 2012 3240 multo
2035 3185 2138 3251 ante,
2174 3195 2258 3240 cum

220 3295 297 3350 turn
325 3275 599 3357 saxonicarum,
634 3269 777 3341 invitati
810 3272 866 3342 vel
901 3273 1068 3346 conducti
1093 3275 1212 3366 potius
1263 3273 1456 3366 periclitari
1481 3275 1525 3343 de
1548 3273 1620 3343 vita
1640 3274 1832 3357 diceretur,
1868 3295 1907 3340 ex
1926 3285 1957 3341 te
1971 3271 2097 3341 videor
2112 3271 2256 3343 intelle-

222 3371 413 3462 aFlucio,
444 3389 484 3446 nt
506 3399 571 3445 ceu
589 3373 715 3444 arbitri
729 3373 1005 3460 controversiae,
1031 3399 1118 3468 quas
1135 3399 1210 3444 mo·
1263 3376 1365 3449 xisse.
1397 3371 1537 3444 Hillse‘u
1550 3377 1644 3466 apud
1659 3369 1904 3444 Selneccerum
1918 3373 2017 3442 locus
2032 3373 2112 3460 erit,
2137 3397 2259 3466 quan-

221 3484 274 3554 vit
295 3495 328 3550 et
343 3504 422 3550 curn
440 3475 613 3570 applausu
625 3470 755 3546 theatri
772 3473 938 3546 Saxonici
956 3477 1122 3569 repetivit
1137 3501 1213 3547 cre·
1264 3477 1453 3570 docunque
1469 3477 1671 3555 advenerit,
1703 3472 1883 3546 loachimo
1900 3477 1994 3568 apud
2009 3499 2076 3544 me.
2130 3473 2260 3546 Mittas

221 3587 288 3654 hro
312 3594 346 3651 et
370 3580 480 3663 ursit,
506 3589 735 3667 cognoscant,
762 3575 959 3667 disceptent
977 3601 1017 3648 ac
1032 3578 1213 3664 dirimant,
1265 3574 1335 3649 huc
1352 3601 1433 3668 ergo
1447 3595 1638 3670 utrumque
1654 3602 1734 3646 cum
1751 3576 1932 3647 videbitur
1946 3576 2011 3645 tibi
2029 3577 2263 3648 commodum

222 3687 359 3773 integra
381 3707 422 3752 ac
444 3679 541 3750 salva
563 3679 675 3771 ipsius
698 3677 975 3760 existimatione,
1008 3681 1072 3752 etsi
1093 3705 1128 3750 se
1145 3681 1214 3750 fin·
1265 3693 1299 3751 et
1319 3681 1417 3772 ipsis.
1480 3678 1534 3751 De
1558 3671 1852 3752 Cummerstade'i
1871 3679 1944 3750 filio
1964 3693 1999 3748 et
2023 3703 2105 3748 curn
2134 3701 2263 3749 socero

222 3800 312 3876 gunt
334 3785 379 3854 ab
393 3779 561 3854 Ecclesiis
581 3779 793 3862 suismissos
811 3805 903 3861 esse,
935 3782 1214 3854 uonutiudices
1264 3807 1342 3882 sum
1374 3781 1571 3853 collocutus
1602 3781 1809 3869 diligenter,
1852 3796 1886 3850 et
1911 3805 2014 3850 curae
2033 3775 2126 3850 mihi
2152 3795 2265 3853 enrnt

223 3903 259 3958 et
282 3907 463 3968 censores,
494 3885 555 3952 sed
576 3881 824 3973 pacificatores.
874 3875 1145 3975 Eleatesque,
1168 3909 1213 3952 ne
1265 3907 1355 3978 quae
1377 3907 1481 3954 curae
1500 3905 1597 3953 meae
1615 3883 1926 3965 cornmmendasti,
1951 3883 2084 3952 scilicet
2102 3897 2142 3952 ut
2155 3905 2262 3950 uren-

221 3987 350 4082 procul
370 3984 479 4068 absit,
508 3983 599 4053 iusta
615 3977 761 4054 cohorte
775 4005 920 4053 suorum
935 3986 1213 4079 manipularium
1266 4009 1323 4054 sae
1345 3985 1585 4074 adiungantur
1609 3998 1770 4070 nostrae,
1801 4004 1835 4055 et
1859 3985 1925 4052 suh
1951 3984 2186 4075 praeceptoris
2210 3983 2262 4056 sit

224 4089 373 4182 stipatus
396 4074 597 4180 ἀκρόπολιν
617 4081 815 4152 Cosviciam
838 4087 1041 4174 occupavit,
1072 4087 1156 4155 inde
1182 4099 1216 4155 et
1267 4085 1456 4177 disciplina
1486 4085 1598 4176 ipsius
1621 4087 1726 4156 aetati
1749 4101 1782 4158 et
1806 4087 1965 4155 moribus
1987 4087 2262 4159 accommodati.

223 4195 320 4280 leges
343 4211 384 4260 ac
406 4185 629 4257 conditiones
651 4183 746 4275 pacis
768 4183 836 4253 lert
859 4187 1019 4270 arbitris,
1044 4201 1211 4278 etexspe·
1266 4185 1374 4258 Plura
1396 4211 1486 4280 quae
1512 4188 1700 4258 scriberem
1729 4213 1802 4258 nou
1833 4200 1945 4260 eraut.
2004 4182 2190 4278 Optarirn,
2222 4201 2263 4257 te

224 4305 295 4365 ctat
315 4311 495 4382 responsa.
547 4283 752 4376 Coeperunt
774 4285 892 4377 itaque
912 4289 1099 4376 postridie,
1126 4315 1215 4386 qnae
1267 4289 1436 4377 expatiari
1467 4282 1536 4358 huc
1568 4293 1613 4360 ad
1641 4314 1708 4360 nos
1730 4291 1788 4358 vel
1811 4293 1895 4358 dum
1921 4291 2049 4360 adsunt
2073 4287 2177 4376 legati
2199 4291 2261 4359 vel

223 4394 293 4465 luit
308 4395 368 4464 21.
385 4387 561 4474 ianuarii,
584 4387 630 4456 de
646 4385 795 4456 consilio
813 4409 876 4455 suo
896 4391 1026 4458 reterre
1042 4395 1214 4483 quaedam
1268 4402 1347 4482 post
1366 4391 1557 4460 discessum
1583 4393 1749 4471 illorum,
1780 4403 1820 4462 nt
1846 4393 1889 4460 de
1912 4404 1984 4460 tota
2002 4413 2103 4459 cansa
2123 4412 2262 4480 cogno-

225 4497 271 4564 ad
288 4517 448 4563 socerum
461 4513 579 4560 meum
594 4489 721 4572 solum,
745 4487 904 4580 reliquis,
930 4491 974 4558 ad
990 4517 1079 4584 quos
1093 4495 1215 4562 eadem
1268 4515 1486 4568 scascoram.
1539 4493 1802 4586 Apollodorum
1816 4493 1949 4562 nollem
1966 4509 2121 4582 repetere
2135 4495 2198 4560 abs
2214 4507 2264 4580 te,

225 4591 617 4688 pertinent,¹exclusis,
643 4612 708 4657 nec
730 4590 871 4660 carebat
894 4594 1116 4682 compellatio
1142 4600 1216 4686 pri·
1268 4593 1338 4660 nisi
1351 4595 1571 4688 requirerent
1587 4595 1711 4678 nostri,
1736 4595 1900 4684 inprimis
1915 4587 2062 4662 Paulus
2077 4606 2112 4664 et
2132 4587 2173 4662 V
2171 4591 2264 4664 itus.

225 4721 283 4766 nra
306 4693 437 4766 aculeis
462 4693 544 4762 satis
560 4689 787 4760 mordacibus
802 4703 838 4761 et
856 4692 1066 4768 minacibus.
1115 4693 1216 4786 Quos
1269 4693 1389 4782 Quare
1411 4697 1440 4766 si
1463 4697 1646 4788 inspexisti
1666 4697 1837 4766 concedas
1860 4719 1961 4766 usum
1981 4695 2056 4765 eius
2072 4695 2203 4764 nostris
2219 4697 2261 4764 in

226 4821 307 4868 curn
332 4795 539 4866 retunderet
552 4785 755 4888 Philippus
778 4815 818 4860 ac
840 4794 1007 4863 refutaret
1025 4792 1215 4866 vehemen-
1268 4796 1404 4890 aliquot
1427 4798 1513 4870 dies.
1572 4797 1765 4870 Remittarn
1790 4799 1821 4866 si
1844 4799 1940 4866 voles
1962 4821 2068 4890 qnam
2090 4797 2262 4888 primurn.

226 4901 317 4970 tiore
340 4897 518 4974 oratione,
552 4916 659 4988 quam
681 4891 1216 4985 existimarameumfacturum,
1267 4895 1364 4968 Bene
1378 4912 1413 4968 et
1427 4899 1575 4970 feliciter
1592 4891 1679 4972 vale.
1727 4899 1790 4976 26.
1808 4895 1976 4972 Ianuarii.

215 2163 1207 2190 *ww

218 2301 414 2428 Q.

1048 2309 1105 2371 26.
1120 2295 1185 2362 len.

1029 2389 1202 2420 Μ

374 2504 604 2590 Peuccrus
630 2499 698 2584 ced
726 2497 1059 2586 camerarium.

321 2661 403 2720 naras
416 2663 445 2718 n
458 2632 544 2732 craia.
558 2659 653 2726 naar.
672 2657 748 2714 uec.
765 2677 792 2730 p.
806 2658 866 2713 scr.

219 2818 446 2896 Clarissimo
462 2819 539 2888 viro
561 2813 616 2890 D.
644 2811 670 2885 I
678 2810 891 2886 ouehimo
914 2804 1209 2900 Comei-orio,

219 2921 332 2998 Patri
344 2931 375 2993 et
392 2917 705 3090 Praeceptore‘lquo
719 2928 915 2989 reverenter
931 2915 1081 2990 colendo
1097 2911 1210 3018 Casp.

660 3043 814 3092 eucerus.

226 5001 472 5082 mitescebant,
504 5007 538 5065 et
559 5019 638 5064 cum
663 4995 908 5086 deprecatione
925 5000 1075 5089 quadam
1093 5003 1135 5070 de
1154 5027 1216 5072 sua

228 5125 311 5190 erga
337 5093 559 5195 Philippum
585 5095 767 5166 voluntate
800 5111 834 5166 et
868 5098 1053 5169 affectione
1083 5105 1216 5193 prolixe

228 5203 460 5274 testabantur.
511 5197 767 5268 Convenerunt
789 5200 931 5268 undem
956 5203 1095 5274 volente
1113 5219 1146 5274 et
1160 5231 1218 5274 re-

230 5305 392 5398 quirente
408 5294 607 5397 Philippo,
637 5311 679 5367 ut
707 5299 928 5370 conditiones
954 5302 1021 5394 ipsi
1040 5303 1217 5378 ineundae

1869 4997 2001 5091 Caspar
2017 4995 2206 5074 Peucerus.

1369 5116 1529 5190 Salutem
1552 5134 1637 5211 opto
1660 5121 1727 5192 toti
1745 5117 1955 5188 domesticae
1972 5113 2150 5188 Ecclesiae
2166 5133 2261 5204 tuae,

1319 5231 1353 5288 et
1367 5219 1532 5311 inprimis
1547 5221 1709 5312 coniugi,
1732 5244 1837 5313 quam
1853 5233 1945 5290 recte
1960 5219 2075 5289 valere
2090 5221 2208 5312 cupio.

1271 5367 1488 5392 -ι-σ--ι--ς-

230 5405 439 5478 wncordiae
463 5411 714 5494 proponerem
766 5395 808 5470 ld
832 5425 911 5472 cum
934 5405 978 5490 de
1002 5409 1217 5501 praescripto
1239 5455 1247 5496 t
1289 5440 1335 5508 ¹¹3)
1356 5438 1490 5514 Loquitur
1503 5443 1538 5498 de
1549 5441 1663 5498 biberto
1674 5441 1836 5498 Marabina
1848 5441 1950 5498 Bmt
