4754 6184
122 339 201 416 sse
250 305 253 316 '
686 323 1131 414 nersrontaott
1184 325 1419 409 urnam.
1474 328 1611 412 essa.
2097 343 2175 418 ero

124 506 307 580 elusiones
327 519 362 580 et
382 501 524 580 ironiae
544 504 586 578 in
607 505 778 598 negotiis,
822 531 912 604 quae
936 503 1128 578 nominan-
1176 499 1270 578 mala
1294 505 1488 596 cogitantes
1508 507 1659 580 assiduis
1680 507 1773 584 votis
1795 523 1830 584 et
1855 509 2045 604 gemitibus
2058 514 2179 590 Deum

125 625 190 684 tur
210 602 384 706 σχήματα
402 603 572 684 πολιτικὰ
586 601 722 712 λόγων.
767 603 887 704 Atque
902 611 946 678 de
960 602 1127 700 bisprae-
1175 631 1320 678 oramus
1344 621 1490 700 propter
1512 609 1646 693 filium,
1684 626 1727 685 ut
1744 637 1885 708 semper
1905 615 2048 708 colligat
2064 633 2178 691 aeter.

18 775 27 798 ,
124 713 285 784 textibus
306 711 485 784 iudicium
503 725 538 784 et
561 709 710 784 Senatui
736 707 882 808 lmperii
907 721 941 781 et
961 709 1041 780 aliis
1061 703 1128 780 ho·
1174 733 1261 779 nam
1286 705 1482 781 Ecclesiam
1507 711 1602 784 inter
1636 737 1702 784 nos
1727 729 1763 788 et
1793 741 1870 787 eam
1904 718 2098 810 gubernet,
2141 736 2176 794 ct

125 814 241 886 neatis
271 827 306 886 et
337 813 576 906 prudentibus
606 813 696 884 viris
729 813 979 908 permittimus.
1045 807 1128 882 Non
1175 811 1294 884 flectat
1308 809 1517 906 Principum
1531 827 1566 886 et
1581 817 1786 893 docentium
1801 833 1943 912 pectora
1961 821 2006 892 ad
2028 823 2124 916 piam
2138 838 2173 895 et
2301 819 2304 833 '
2358 817 2363 832 '

127 938 272 988 eramus
293 915 450 988 defuturi
473 930 596 992 nostro
620 915 738 987 officio
759 915 898 988 etiamsi
918 914 1065 1008 quidam
1086 936 1128 982 ex
1174 927 1354 984 aeternam
1375 916 1614 991 concordiam.

126 1019 239 1090 nobis
266 1018 503 1090 discesserunt
525 1039 615 1112 qnos
636 1018 781 1112 quidem
804 1017 1042 1088 malueramus
1060 1037 1127 1084 no·
1275 1013 1380 1087 Nunc
1403 1041 1508 1104 vero,
1548 1011 1858 1092 Reverendissime
1885 1019 2040 1094 Domine
2063 1019 2170 1094 Prac-

125 1121 269 1194 biscum
292 1143 448 1194 manere.
508 1115 725 1212 Optaremns
747 1119 842 1190 enim
860 1141 935 1189 non
951 1117 1127 1187 illostan-
1174 1137 1248 1204 ses,
1277 1118 1407 1208 gratias
1429 1121 1565 1212 agimus
1587 1119 1920 1196 Reverendissimae
1942 1121 2170 1196 Dominatio-
2238 1169 2244 1177 ·

127 1229 210 1296 tum
233 1223 295 1318 qui
309 1222 563 1318 discesserunt,
594 1221 656 1292 sed
670 1219 919 1316 multoplures
941 1245 981 1289 ex
996 1217 1128 1288 nostris
1174 1217 1213 1286 ni
1244 1217 1410 1308 Vestrae,
1436 1223 1544 1316 'qnod
1567 1245 1633 1294 nos
1655 1225 1831 1316 patienter
1864 1226 2005 1298 audivit
2027 1239 2061 1298 et
2094 1251 2169 1298 uon

126 1321 302 1398 Ecelesiis
325 1337 361 1397 et
388 1323 479 1396 alios
495 1337 594 1422 recte
623 1322 820 1396 iudicantes
844 1323 1026 1394 auditores
1054 1343 1127 1390 esse
1175 1320 1291 1390 solum
1321 1323 1570 1416 aequalitatem
1604 1323 1643 1393 in
1678 1321 1742 1396 hac
1774 1327 2034 1417 gubernatione
2066 1353 2170 1420 prae-

128 1425 296 1498 omniom
323 1439 526 1498 nostrarum
555 1425 760 1520 pactionum
793 1437 828 1497 ct
861 1423 1127 1496 sententiarum.
1175 1421 1283 1514 stitit,
1324 1425 1383 1494 sed
1421 1438 1475 1512 et,
1522 1440 1562 1499 ut
1602 1423 1736 1517 Regiae
1770 1427 1968 1500 Maiestatis
2003 1429 2186 1507 mandata

129 1527 243 1620 Quod
253 1543 371 1601 autem
385 1528 620 1600 discesserunt
631 1528 794 1624 culpaest
804 1527 979 1618 nonnulla
991 1547 1127 1608 eorum,
1174 1526 1419 1615 postularunt,
1461 1549 1589 1617 magno
1629 1515 1747 1598 studio
1787 1529 1883 1622 apud
1924 1528 2169 1606 Collocntores

130 1655 288 1726 quorum
304 1629 461 1702 artificiis
475 1627 657 1702 distractio
673 1629 831 1726 quaesita
846 1643 915 1714 est,
946 1640 987 1699 ut
1003 1627 1064 1696 ille
1084 1627 1128 1696 de
1174 1625 1319 1698 alterius
1347 1628 1458 1722 partis
1489 1629 1656 1721 perlicere
1690 1643 1815 1702 conata
1847 1645 1918 1720 est,
1958 1647 1999 1704 ut
2024 1633 2167 1704 collatio

130 1731 424 1804 Lacedaemoniis
446 1731 552 1805 dixit:
583 1731 644 1805 sic
668 1755 749 1805 cum
773 1732 823 1802 eis
845 1731 981 1802 bellurn
1002 1729 1127 1822 geren·
1175 1729 1358 1800 doctrinae
1383 1729 1606 1822 procederet,
1632 1755 1738 1825 quam
1761 1746 1879 1804 tamen
1903 1733 1972 1826 ipsi
1997 1735 2169 1811 detrecta-

130 1837 220 1906 dnm
245 1857 339 1921 esse,
370 1847 411 1906 ut
431 1858 512 1906 cum
535 1857 617 1928 apes
637 1834 737 1904 sermo
760 1833 828 1908 sub
857 1831 1004 1904 alveolis
1034 1831 1127 1902 facto
1177 1843 1273 1907 runt.
1325 1829 1394 1904 Die
1419 1831 1570 1906 Kalend.
1595 1831 1802 1906 Decembris
1827 1830 1937 1906 Auno
1965 1831 2075 1910 1557.

130 1937 375 2030 dissipantur,
412 1936 449 2006 id
490 1949 560 2024 est,
598 1931 736 2008 Domus
775 1929 1024 2010 distrahendos
1056 1954 1129 2002 esse

130 2039 342 2134 priusquam
375 2037 534 2109 universi
566 2037 792 2110 conveniant.
851 2035 948 2108 Haec
982 2033 1127 2104 artificia
1536 2029 1727 2126 Philippus
1749 2031 1976 2113 Melanthon.

131 2153 221 2212 nota
246 2153 330 2210 sunt
353 2139 486 2210 nostris
508 2138 719 2210 adversariis
733 2151 767 2210 ct
790 2139 867 2210 sine
880 2129 1128 2230 Xenophonte.
1536 2135 1689 2206 loannes
1714 2134 1895 2208 Brentius.

130 2243 177 2314 ln
195 2240 364 2312 omuibus
377 2240 529 2332 negotiis
542 2264 582 2312 ac
595 2239 784 2332 praecipue
804 2241 843 2310 in
859 2236 1131 2314 condemnatio·¹
1534 2234 1687 2308 loannes
1708 2233 1950 2316 Marbachius.

128 2346 243 2416 nibus
258 2341 403 2412 vitanda
420 2353 471 2412 cst
484 2339 704 2432 ambiguitas.
762 2337 867 2418 Prius
888 2341 998 2432 igitur
1018 2339 1130 2410 diser·
1535 2335 1689 2408 loannes
1713 2336 1889 2410 Pistorius
1909 2340 2082 2420 Nidauos.

132 2463 192 2520 tae
226 2443 444 2516 adsertiones
455 2437 494 2538 *)
520 2457 555 2515 et
578 2441 827 2536 explicationes
847 2443 934 2540 poni
965 2442 1131 2514 volumus
1537 2433 1695 2528 Michael
1716 2437 1886 2512 Dillerns.

133 2571 245 2644 quam
259 2547 356 2617 uude
368 2544 687 2616 condemnationes
702 2559 962 2638 spargerentur,
989 2543 1131 2616 in‘flam-
1300 2581 1306 2592 ·
1540 2537 1884 2634 lacobusRungius.

130 2663 295 2722 maturae
313 2646 450 2718 maiora
471 2645 618 2717 dissidia
640 2659 675 2718 et
698 2645 794 2723 odia.
850 2644 942 2720 Nam
957 2645 1030 2716 illis
1045 2643 1132 2734 ipsis
1181 2645 1183 2652 “
1540 2641 1690 2714 lacobus
1711 2639 1877 2716 Andreae
1898 2641 2043 2724 Ductor.

133 2749 497 2824 condemnationibus
513 2749 647 2820 multae
660 2759 743 2818 sunt
756 2749 940 2820 involutae
955 2745 1131 2838 ambigui·
1537 2741 1718 2836 Georgius
1742 2743 1905 2837 Kargius.

134 2867 244 2939 tates,
289 2867 325 2923 et
364 2852 538 2946 quaedam
573 2849 685 2940 magis
719 2849 880 2942 plectunt
912 2847 1133 2921 adversarios
1538 2841 1671 2918 Paulus
1688 2841 1829 2920 Ebems
1879 2873 1927 2924 m.
1948 2873 1983 2942 p.

136 2979 245 3052 quam
271 2976 348 3050 nos.
407 2949 541 3024 Errant
562 2965 679 3024 autem
704 2951 918 3038 adversarii,
955 2952 985 3022 si
1005 2961 1133 3044 putant

138 3059 209 3128 iam
239 3056 309 3130 sibi
344 3056 547 3146 profuturas
572 3077 647 3124 esse
676 3055 829 3124 maiores
850 3053 1133 3136 dilacerationes,
1184 3085 1194 3092 ·

143 3183 292 3252 quartem
314 3157 440 3228 ruinae
460 3171 496 3228 et
517 3157 648 3228 multas
670 3168 790 3246 gentes
805 3156 934 3226 ferient
955 3155 1048 3226 etad
1065 3177 1131 3246 po-

148 3261 332 3334 steritatem
347 3261 501 3332 iacturae
513 3271 597 3330 sunt
611 3257 822 3332 vastitatem.
871 3256 994 3348 Quare
1009 3279 1134 3327 omues
1194 3243 1262 3320 No.
1279 3239 1393 3318 6415.
2030 3269 2063 3330 8.
2088 3260 2162 3328 Dee.

146 3363 333 3453 prudentes
346 3361 447 3431 decet
460 3383 582 3431 cavere
596 3359 731 3430 semina
748 3382 922 3429 novarum
938 3357 1134 3430 discordia·
1187 3346 1401 3382 Μ
1995 3351 2167 3384 '‘⁴⁵'‘

140 3487 233 3537 rum.
285 3461 359 3535 Nos
382 3475 499 3532 autem
525 3460 563 3530 in
586 3455 653 3532 hoc
674 3461 831 3562 discessu
853 3473 977 3532 nostro
1012 3481 1135 3530 rursus
1385 3464 1649 3560 'comigibm
1673 3465 1733 3552 ab
1763 3465 1959 3558 Erbwb·

139 3566 820 3688 8ᾶῇ511185ῃωῖΜΗΜΠΜ.ξψωηζ
841 3575 1042 3683 uhnoslme
1063 3557 1133 3630 Ec.
1250 3617 1345 3694 Edita,
1377 3622 1426 3676 sed
1446 3621 1510 3677 setis
1534 3621 1665 3677 mendose
1687 3623 1717 3677 io
1739 3603 1843 3682 Pud’s
1866 3627 2179 3694 „dictampnum

137 3669 268 3740 clessae
282 3691 320 3738 sn
337 3667 468 3761 quibus
478 3663 569 3734 Vera
585 3663 652 3736 Der
667 3677 843 3734 mvoeatto
859 3678 923 3745 stt,
949 3675 1020 3734 stnt
1035 3675 1135 3732 tran·
1286 3697 1350 3748 u„
1374 3691 1691 3761 mmmmm,
1718 3694 1774 3751 g„
1797 3693 1990 3766 gmfpggf,
2014 3697 2178 3768 mmm

138 3771 295 3865 quillae,
336 3768 421 3864 qnia
446 3765 593 3838 diuidis
616 3761 839 3838 horribiliter
863 3766 1008 3836 turbant
1031 3763 1136 3834 invo-
1286 3777 1361 3841 ΨΜ
1380 3778 1448 3816 ”¹⁰
1467 3777 1498 3812 ²¹
1516 3761 1671 3832 apographo
1695 3760 1764 3816 Met.
1786 3759 1815 3815 ⁵¹¹
1836 3761 2094 3846 postulatusne,
2118 3771 2178 3826 co·

1286 3839 1384 3882 mitum
1409 3830 1442 3883 ab
1469 3823 1590 3889 Erbscb.
1629 3837 1755 3884 sacrate
1782 3829 1861 3883 nobss
1886 3831 2022 3905 deserrpta
2048 3853 2064 3890 s
2090 3837 2120 3894 S.
2144 3833 2178 3892 V.

138 3873 338 3958 cntionem,
370 3893 518 3964 ΜΨ*
534 3867 583 3940 ⁰¹)
598 3889 738 3939 ‘amm
748 3865 946 3962 ss'Pullum
962 3859 1052 3936 hanc
1069 3887 1136 3934 ¹¹⁰·
1222 3894 1228 3912 '
1288 3895 1441 3962 Κναωείο,
1459 3897 1579 3970 parocho
1590 3897 1697 3952 urbano
1714 3899 1743 3952 in
1757 3897 1860 3970 oppido
1875 3897 2035 3956 Erbscb.-
2069 3905 2179 3980 Pegella

138 3990 251 4048 stram
265 3972 579 4046 asseverationeme
601 3965 679 4042 Nos
692 3993 808 4066 neque
826 3969 1006 4041 discedere
1021 3989 1136 4062 neque
1287 3977 1314 4022 2¹
1335 3975 1417 4022 nosse
1435 3965 1691 4050 mprgtastesuupe
1709 3968 1827 4050 nemun!
1859 3968 1888 4052 ip
1909 3969 2000 4052 turem
2027 3976 2177 4046 protenus,
2217 4009 2222 4020 ·

140 4079 502 4150 discessurum-ea
530 4065 1137 4162 conseranensem,
1285 4033 2180 4178 atterant·aaretrauersae:

144 4173 303 4250 exhibita
328 4200 425 4248 anno
447 4169 558 4250 1530.
578 4198 644 4246 nec
672 4169 838 4248 authores
861 4174 938 4244 lore
962 4195 1135 4244 novarum
1288 4193 1369 4242 nem,
1383 4175 1535 4257 ,Antrum
1549 4171 1713 4255 statarium,
1735 4170 1876 4228 Puteum
1891 4176 1921 4258 in
1938 4175 2128 4264 ministrarat,
2151 4191 2180 4236 es

145 4279 421 4352 dissensionum.
478 4276 740 4348 Praestabimus
762 4291 797 4349 et
816 4276 1025 4348 modestiam
1049 4297 1137 4344 con·
1285 4241 2180 4386 ,ffffl'asfohfflfsslfsa’osszff‘ssffffigfflggf'ffiffiffi‘

141 4383 346 4456 venientem
361 4381 430 4473 piis
447 4379 653 4450 doctoribus
671 4391 706 4450 et
721 4379 846 4451 utilem
862 4378 959 4472 paci,
985 4389 1020 4448 et
1038 4389 1139 4468 opta·
1288 4387 1458 4454 maererent.
2169 4358 2180 4390 '

144 4509 248 4567 mos,
277 4505 403 4554 omnes
423 4481 558 4576 ubique
579 4479 717 4567 anniti,
754 4494 795 4553 ut
827 4505 940 4551 unum
966 4478 1077 4550 simus
1099 4477 1138 4546 in
1979 4519 1988 4538 .

146 4587 249 4674 Deo,
284 4609 349 4656 nee
370 4584 579 4654 dimicemus
603 4581 697 4653 inter
717 4605 783 4653 nos
803 4581 896 4654 sicut
910 4579 1080 4652 Cadmaei
1102 4579 1138 4648 in
1186 4555 1413 4634 suffitibus
1445 4551 1646 4638 Dominis,
1685 4549 1908 4650 Georgs’ts,
1943 4553 2183 4637 Eberarso

144 4693 283 4762 iratres.
332 4685 416 4760 Non
436 4685 525 4756 adso
548 4685 654 4756 ferrei
678 4707 819 4768 sumus,
852 4681 1141 4755 utnonadficiu-
1188 4671 1229 4734 Η
1261 4656 1546 4744 Vsslfflll'lffls
1585 4651 1873 4742 Fratribus,
1909 4645 2182 4738 Comttttus

146 4815 232 4868 mur
245 4787 382 4882 ingenti
396 4784 571 4858 maestitia
581 4771 840 4872 Ecclesiamm,
856 4807 947 4880 quae
961 4779 1046 4854 haee
1061 4783 1142 4854 vul·
1193 4763 1210 4838 δ’
1218 4790 1243 4838 1¹
1259 4759 1300 4834 Ε
1308 4785 1391 4863 rpa
1402 4753 1456 4834 cd
1482 4769 1514 4832 el
1526 4755 1705 4830 Dvmt'nt's
1723 4754 1762 4827 t'n
1776 4753 1978 4876 Brcpderg,
2003 4757 2182 4840 Patronis

147 4917 236 4966 nera
245 4873 427 4972 sentiunt,
460 4911 551 4984 quae
568 4887 691 4958 vident
715 4887 976 4960 invocationem
996 4883 1063 4956 Dei
1079 4909 1141 4956 ex·
1497 4867 1692 4934 '‘vm‘'
1714 4853 1877 4934 mimda

148 4995 267 5088 tingui
282 5007 319 5066 et
332 5005 467 5064 mentes
483 4990 678 5062 multorum
693 4989 772 5059 lieri
786 4983 988 5084 prophanas
1002 5001 1036 5057 et
1059 4987 1143 5056 elle-

147 5121 226 5184 ras,
268 5119 359 5192 quae
388 5093 500 5178 bella,
538 5091 772 5172 nutationes,
810 5091 994 5174 tenebras,
1026 5089 1142 5179 legum

150 5195 335 5270 interitum
372 5207 407 5267 et
440 5207 547 5266 tetras
576 5208 610 5264 et
644 5191 848 5264 Diabolicas
885 5215 1026 5262 morum
1057 5213 1144 5260 con-

150 5302 311 5374 tusiones
334 5310 517 5370 secuturas
539 5318 613 5366 esse
638 5307 813 5368 metuunt.
874 5291 970 5364 Haec
989 5291 1145 5384 ingentia
1198 5331 1414 5358 ...-

1192 5019 1244 5112 S.
1265 5031 1309 5106 D.
1359 5029 1518 5103 lllustrcs
1537 5023 1675 5096 domini
1690 5020 1891 5116 Comites⁸).
1940 5023 2019 5101 Etsi
2036 5057 2183 5127 magnae

1192 5149 1276 5210 sunt
1285 5130 1315 5230 ²)
1328 5129 1554 5204 confusiones
1565 5125 1605 5196 in
1620 5147 1748 5219 genere
1762 5123 1939 5214 humano,
1965 5145 2083 5208 tamen
2097 5161 2185 5210 con·

154 5455 363 5476 ·“·“·““·“··““
1231 5443 1259 5510 l)
1278 5437 1460 5495 Prsetstnsisit
1473 5437 1544 5495 brec
1559 5435 1643 5496 buci.

186 5547 220 5618 θ)
239 5549 343 5618 Apogr.
361 5537 595 5608 adunationes,
623 5555 656 5594 ιι
677 5537 786 5594 mendo.
959 5633 963 5644 ἱ
1231 5529 1261 5596 1)
1281 5523 1364 5581 laust-
1380 5525 1448 5584 ffl-
1535 5593 1616 5674 ὥ.
1711 5627 1716 5632 Ι
