4708 6190
191 343 268 424 ess
776 319 1211 402 crissontnuu
1263 315 1371 396 nra.
1395 315 1499 396 xm.
1551 311 1684 391 1sso.
1825 281 1828 288 ’
2168 312 2251 384 sss

197 516 320 619 φίλων
340 511 497 611 ἀνδρῶν
511 504 714 605 εἰσβλέπεις(
728 495 867 606 γλυκύ.
914 501 1013 574 Bene
1030 513 1064 570 et
1079 497 1194 570 letici-
1248 489 1353 564 Nune
1370 483 1468 560 κατὰ
1481 483 1525 562 τὸ
1539 484 1652 584 ῥητὸν
1664 481 1807 560 Moschi
1822 487 1866 557 ad
1883 481 2021 558 Arcton
2034 485 2074 556 in
2093 483 2259 558 Germa-

198 638 254 695 ter
288 621 364 689 vale
405 632 440 688 ct
479 601 658 710 responde
693 633 756 702 per
789 602 888 678 hunc
927 606 1196 676 adolescentem.
1249 593 1308 662 nin
1324 607 1544 684 grassantur,
1568 587 1801 661 Mahometiei
1816 592 1859 660 ad
1876 585 2021 664 Ortum.
2073 588 2257 660 Nondum

174 719 469 796 ‘tx.cat1ulii.
1159 773 1162 776 ,
1249 718 1329 788 spes
1352 695 1447 786 pacis
1472 709 1523 765 est
1546 695 1585 764 in
1607 691 1772 764 Livonia.
1825 689 1879 762 Ac
1901 707 2034 762 eertum
2061 690 2260 780 estMagi-

1250 807 1362 868 nrum
1390 794 1582 878 Livoniae,
1612 803 1656 866 'ut
1679 795 1887 880 nominant,
1924 807 2048 886 petere
2073 794 2262 864 auxilium

1250 925 1271 972 a
1292 899 1452 971 Polonis.
1506 897 1620 970 Urbes
1643 897 1837 968 Livonieae
1863 895 2120 968 saxonicarum
2152 897 2265 966 colo-

1252 1003 1333 1072 niae
1348 1016 1442 1072 sunt.
1492 999 1584 1072 Nam
1598 992 1744 1095 Rigom
1758 1023 1778 1070 a
1793 997 2050 1070 Bremensibus
2066 999 2263 1070 conditam

1253 1128 1327 1176 esse
1344 1117 1478 1174 certum
1495 1117 1557 1174 est.
1597 1101 1703 1174 Nunc
1716 1103 1876 1194 colonias
1890 1102 1953 1170 illa
1971 1103 2137 1172 bellatrix
2154 1103 2265 1170 natio

945 843 1147 952 Philippus.

205 1271 238 1344 N
288 1262 390 1341 6775
683 1275 691 1292 .
1058 1265 1105 1328 23
1129 1253 1189 1320 iun
1254 1207 1400 1292 deserit,
1438 1229 1528 1299 quae
1562 1219 1645 1276 ante
1665 1227 1795 1296 paucos
1819 1227 1933 1274 anctos
1957 1201 2084 1296 Regno
2110 1201 2262 1274 Danico

213 1297 428 1402 f'esm'a
1060 1303 1199 1382 ...24
1253 1311 1387 1381 bellum
1415 1309 1599 1378 inferebat.

1367 1407 1421 1480 De
1438 1411 1531 1490 bello
1548 1411 1586 1478 in
1601 1404 1846 1490 Dilmnrsia,
1875 1431 1981 1502 quam
1997 1407 2166 1478 existimo
2183 1431 2265 1478 esse

476 1461 629 1550 Imil-
652 1460 933 1550 camerarii·
1256 1511 1460 1582 Teutonum
1483 1507 1702 1592 Marchiam,
1744 1506 1830 1580 haec
1859 1505 2042 1597 habemus.
2102 1507 2170 1580 Bis
2195 1537 2264 1601 op-

276 1647 360 1722 Epist.
377 1644 535 1702 sauma..
552 1641 652 1714 arse
671 1625 1112 1714 <ea.c0na.1n.1v.ep,cos.)'.
1256 1628 1450 1706 pugnatum
1474 1627 1524 1684 est
1548 1614 1722 1705 oppidum
1742 1605 1946 1710 Moeldorp
1969 1614 2182 1706 priusquam
2204 1639 2261 1682 ca-

825 1721 826 1728 ’
1257 1731 1409 1809 peretur.
1464 1714 1506 1785 in
1530 1717 1631 1787 tertia
1650 1715 1915 1808 oppugnatione
1932 1729 2073 1810 captum
2093 1729 2157 1786 est.
2214 1713 2257 1784 in

210 1816 440 1898 Clarissimo
465 1819 543 1888 viro
568 1811 772 1888 eruditione
790 1823 822 1885 ct
847 1815 976 1888 virtute
998 1814 1207 1914 praestanti
1257 1819 1390 1911 oppido
1414 1818 1606 1890 multitudo
1629 1817 1780 1898 civium,
1813 1841 2028 1910 puerorum,
2059 1817 2255 1888 mulierum

235 1922 263 1997 Ι
271 1917 483 1995 anthimo
515 1909 694 1992 Comer.
722 1917 850 2020 srotri
873 1943 942 1991 sno
969 1913 1181 2004 carissimo,
1260 1945 1385 2012 magna
1403 1921 1661 1992 interiectaest.
1715 1919 1823 2009 Fugit
1840 1943 1922 2011 pars
1942 1920 2196 2012 intemplum‚
2221 1915 2257 1989 hi

1258 2049 1333 2093 non
1363 2036 1448 2094 sunt
1472 2023 1659 2096 interlecti.
1717 2019 1854 2092 Praeda
1880 2023 1949 2092 fuit
1978 2023 2155 2115 locuples.
2212 2018 2250 2092 Et

1258 2121 1442 2196 machinae
1456 2149 1603 2216 magnae
1618 2125 1756 2218 aliquot
1769 2124 1933 2194 inventae
1948 2138 2043 2198 sunt.
2097 2121 2146 2194 in
2163 2148 2252 2194 exer-

1260 2229 1333 2300 citu
1365 2225 1476 2298 Ducis
1502 2217 1672 2324 Adolphi
1696 2227 1734 2296 in
1760 2227 2089 2318 oppugnationibus
2117 2225 2256 2298 circiter

1258 2331 1327 2400 tria
1344 2330 1457 2400 millia
1473 2333 1667 2422 pericmnt.
1719 2327 1806 2398 Plus
1829 2352 1902 2400 non
1922 2329 2147 2420 sciebamus,
2181 2353 2257 2399 rum

1260 2427 1347 2502 haec
1362 2432 1551 2502 scriberem
1565 2433 1681 2524 pridie
1696 2431 1775 2501 sesti
1789 2428 1981 2521 Baptistae.
2032 2427 2115 2502 Oro
2127 2432 2258 2502 Filium

1261 2533 1328 2606 Dei
1350 2548 1392 2604 ut
1414 2550 1448 2607 et
1469 2535 1542 2606 illis
1557 2535 1667 2607 leniat
1682 2555 1813 2625 poenas
1827 2546 1864 2604 et
1886 2558 1952 2606 nos
1966 2533 2164 2607 clementer
2179 2559 2258 2628 pro-

1340 2629 1413 2733 ι’).

214 2055 262 2148 S·
283 2073 330 2145 D.
383 2069 467 2142 Non
488 2071 604 2142 audeo
627 2083 662 2141 te
677 2069 716 2138 in
731 2063 798 2142 hac
816 2069 1000 2140 communi
1020 2081 1054 2140 et
1070 2067 1205 2156 ingenti

213 2173 395 2248 moesticia
420 2195 613 2256 accersere,
650 2196 689 2241 ac
714 2197 758 2240 ne
782 2174 933 2262 cogitare
956 2171 1100 2265 quidem
1126 2193 1206 2261 pos·

215 2303 293 2349 sum
309 2292 371 2350 aut
382 2275 469 2370 quid
487 2275 640 2344 scribam
656 2287 717 2344 aut
732 2274 820 2366 quid
844 2287 972 2366 petam.
1025 2271 1143 2344 Tanta
1157 2286 1209 2341 est

213 2380 422 2470 magnitudo
444 2375 580 2446 doloris
602 2375 681 2458 mei.
733 2375 804 2448 Sed
819 2376 849 2445 si
872 2375 1010 2446 veneris
1023 2377 1068 2444 ad
1085 2375 1206 2466 dispu-

116 2481 129 2500 '
214 2483 406 2562 tationem,
438 2477 658 2568 gratissimus
680 2477 748 2546 erit
769 2491 975 2569 conspectus
992 2491 1084 2550 tuus.
1134 2473 1209 2546 No·

216 2599 273 2656 tae
294 2596 379 2656 snut
398 2580 541 2674 utrique
562 2593 723 2650 nostrum
749 2574 915 2650 historiae
938 2593 1089 2663 veteres,
1122 2601 1210 2671 quae

217 2686 362 2778 quidem
385 2681 525 2754 Latinis
551 2695 585 2752 et
606 2677 752 2752 Graecis
777 2681 889 2752 literis
911 2683 1060 2772 scriptae
1082 2693 1208 2752 extant.
1261 2649 1338 2729 ίῳ

218 2787 290 2860 Sed
304 2786 421 2857 simile
434 2779 527 2854 nihil
544 2783 711 2874 legimus,
743 2783 806 2853 ubi
827 2785 891 2866 tali
909 2779 1108 2874 Sophistiea
1131 2781 1209 2851 vio-

217 2890 314 2962 lenta
329 2887 477 2958 consilia
492 2898 581 2956 tecta
598 2885 680 2958 sint.
722 2883 819 2956 ilaec
834 2900 886 2956 est
900 2887 975 2958 orci
990 2887 1086 2976 galea
1103 2908 1209 2980 quam

218 2990 405 3064 somniavi.
445 2987 515 3060 Sed
532 3011 598 3057 oro
613 2985 802 3066 liliumDei
814 3002 852 3058 ut
871 2990 978 3058 leniat
990 2983 1053 3058 has
1067 3009 1212 3076 magnas
1298 3067 1300 3074 Α
2104 3071 2109 3078 Ι

61 3091 64 3098 ,
145 3147 151 3174 ⁸
207 3075 390 3166 'miserias
442 3087 541 3160 Bene
561 3103 595 3160 et
617 3089 767 3160 feliciter
792 3091 879 3162 vale.
929 3088 1086 3182 Expecto
1103 3090 1160 3158 vel
1179 3102 1212 3157 te
1278 3107 1345 3184 No·
1364 3109 1478 3180 5777,
1915 3115 2246 3198 30Jumffluffig

218 3197 277 3266 vel
292 3209 368 3266 tuas
388 3193 542 3276 litteras,
571 3204 676 3284 atque
692 3191 830 3261 utinam
845 3190 978 3263 amicos
993 3192 1132 3286 aliquos
1149 3191 1212 3260 ad·
1274 3205 1487 3244 Q
1517 3241 1522 3252 .
1951 3189 2227 3248 ..ς-ν...

220 3299 340 3370 ducas.
391 3293 513 3368 Pridie
529 3287 704 3364 iohannis
716 3291 907 3386 Baptistae.
1628 3315 1677 3406 C,
1708 3318 1897 3410 Nemo,

1368 3471 1391 3542 †
1410 3470 1447 3524 Er
1464 3489 1559 3546 apogr.
1576 3471 1605 3529 in
1624 3473 1688 3534 cod.
1707 3477 1793 3534 Paris.
1810 3475 1847 3534 D.
1867 3477 1901 3538 L.
1920 3481 1953 3536 st
1964 3484 1990 3540 ¹.

1684 2741 1823 2825 (Nomen
1836 2765 1900 2807 non
1917 2755 1963 2807 est
1976 2745 2211 2839 subscriptum.)

963 3418 1165 3518 Philippus.

1267 3617 1494 3704 Conrado
1509 3627 1713 3722 Neseno,
1736 3631 1902 3732 Syndim
1916 3637 1958 3710 in
1973 3637 2062 3711 urbs
2075 3633 2264 3714 Lusntics

1622 3799 1627 3812 .
1706 3733 1822 3814 Sitta.

221 3825 291 3900 No.
304 3825 419 3902 6776.
1058 3841 1114 3905 28.
1133 3829 1203 3899 lon.

227 3921 402 3956 w
633 3923 637 3934 .
1036 3922 1210 3954 ...m
1269 3863 1318 3954 S.
1346 3876 1390 3950 D.
1442 3877 1672 3972 integerrime
1694 3883 1751 3955 vir
1771 3899 1806 3960 et
1833 3867 2159 3967 carissime'trater.
2225 3895 2264 3968 in

339 4043 343 4056 1
508 4031 517 4052 .
582 4019 586 4028 ,
1270 3978 1337 4052 hoc
1357 3981 1464 4053 itiner
1506 4009 1530 4053 n
1740 3987 1788 4008 '’
2090 3996 2098 4012 ’

450 4031 578 4119 liter.
605 4029 995 4144 Buttmgat'itie’rv·
1164 4125 1167 4132 ,
1270 4107 1351 4176 ego,
1390 4007 1498 4175 gendr
1529 3999 1628 4158 ilidii
1649 3989 2266 4186 (dioiliioemilitilitolileediilvillifmii

293 4191 441 4266 Epictiti.
457 4192 618 4274 tipus.
652 4191 973 4280 liieesaptogrppltoin
990 4196 1054 4252 cod.
1070 4198 1183 4281 M⁰¹¹³f⁸
1199 4197 1219 4256 i.
1270 4187 1476 4257 miscuimus
1497 4202 1577 4258 voia
1601 4189 1673 4259 llll!
1698 4195 1943 4284 sermonibus,
1981 4224 2021 4268 tte
2044 4197 2164 4271 Deum
2184 4227 2264 4295 pte·

326 4283 355 4338 t·
369 4261 449 4332 Μ·
472 4279 517 4320 ⁶¹¹¹
533 4263 765 4336 ¹³⁸¹¹²¹¹⁸⁸f¹¹²tffl
778 4271 930 4339 '⁰⁸⁶“i‘⁸'‘²
953 4265 1051 4338 ”¹⁵⁵2
1065 4267 1091 4323 9.
1107 4268 1202 4324 ¹⁰¹¹'·”
1270 4290 1338 4360 cati
1355 4311 1494 4374 sumus,
1527 4293 1686 4360 datorem
1710 4293 1803 4368 vitae
1824 4302 2069 4390 praesentiret
2087 4313 2265 4394 aeternae,

1269 4404 1310 4462 ut
1326 4404 1361 4462 et
1376 4391 1485 4461 leniat
1498 4389 1566 4463 tibi
1581 4394 1764 4478 morbum,
1797 4413 1832 4469 et
1850 4399 1888 4470 in
1906 4406 2012 4474 corde
2034 4429 2116 4476 vera
2136 4431 2265 4480 conso·

1270 4493 1401 4563 latione
1425 4491 1535 4562 vitam
1555 4509 1734 4566 aeternam
1759 4513 1793 4572 et
1806 4515 1946 4574 aeterna
1965 4507 2092 4596 gaudia
2112 4507 2182 4578 tibi
2198 4509 2266 4580 tri·

1271 4597 1368 4680 buat.
1420 4593 1559 4667 Scimus
1575 4621 1641 4668 nos
1655 4620 1728 4670 non
1743 4605 1786 4670 ad
1805 4597 1912 4675 huius
1924 4629 2154 4682 aerumnosae
2173 4614 2268 4684 vitas

228 4679 278 4772 S.
303 4689 348 4766 D.
406 4689 450 4763 iu
472 4689 615 4786 Psalmo
644 4693 788 4790 querela
815 4707 866 4766 est
888 4690 1085 4784 Ecclesiae,
1122 4697 1220 4793 quod
1272 4700 1377 4766 breve
1401 4697 1552 4788 spatium
1579 4713 1717 4771 tantum
1740 4719 1840 4776 statos
1863 4731 1953 4795 esse,
1985 4713 2046 4780 sed
2066 4727 2105 4783 ut
2120 4729 2266 4786 aeterna

227 4795 362 4870 exsulet
382 4793 477 4866 inter
490 4791 635 4867 Mesech
656 4795 829 4870 etCedar.
879 4791 951 4868 Nec
966 4799 1117 4870 dubium
1133 4813 1220 4869 esta
1271 4796 1339 4868 Dei
1368 4811 1402 4869 et
1428 4795 1577 4870 Domini
1601 4803 1715 4875 nostri
1739 4803 1819 4878 iesu
1842 4805 1978 4884 Christi
2003 4817 2268 4889 consuetudins

227 4890 482 4972 voceMeseclr
498 4893 667 4968 Moschos
681 4921 774 4984 esse,
799 4921 888 4993 qrros
900 4900 1057 4970 arbitror
1069 4916 1104 4972 et
1120 4898 1221 4970 illos-
1271 4901 1450 4986 truamur,
1482 4903 1544 4996 qni
1567 4905 1695 4976 multos
1719 4901 1881 4982 homines
1902 4937 1945 4983 ex
1964 4929 2078 4988 morte
2093 4918 2132 4988 in
2153 4918 2267 4990 vitam

228 5023 396 5096 synoecos
412 5002 449 5070 in
459 4997 700 5091 Argonautico
711 5003 865 5072 carmine
874 5003 1063 5075 nominari.
1096 4996 1221 5074 Cedar
1271 5003 1468 5087 revocavit,
1503 5017 1543 5076 ut
1559 5006 1759 5080 testimonia
1773 5015 1976 5088 ostenderet
1991 5019 2084 5089 ritae
2107 5044 2185 5090 non
2202 5025 2267 5093 da-

228 5102 456 5176 Arabes'esse
470 5127 545 5172 non
561 5103 783 5178 dubinmest.
823 5103 994 5175 Nominat
1009 5104 1119 5196 igitur
1132 5127 1220 5192 gen·
1270 5105 1411 5178 siturae.
1464 5103 1547 5179 Erit
1568 5124 1661 5179 certe
1682 5109 1719 5180 in
1744 5125 1816 5184 tota
1842 5119 2049 5191 aeternitate
2070 5123 2266 5194 discrimen

229 5204 445 5279 tesmasime
466 5205 558 5274 ieras
577 5205 621 5276 ad
646 5201 802 5292 Arcton,
834 5201 996 5292 Mesech,
1030 5221 1065 5279 et
1087 5201 1218 5278 Maho-
1269 5209 1364 5280 inter
1384 5208 1537 5278 cultores
1564 5209 1629 5282 Dei
1652 5211 1687 5282 et
1716 5207 1831 5286 hostes
1855 5215 1943 5306 Dei,
1975 5220 2070 5292 inter
2090 5223 2266 5298 loannem

228 5309 354 5378 metica
369 5306 555 5378 latrocinia
570 5307 613 5376 ad
630 5304 840 5393 Meridiem,
865 5307 992 5384 Cadar.
1041 5307 1218 5380 interim-
1269 5307 1465 5402 Baptistam
1481 5327 1515 5383 et
1530 5309 1728 5401 Herodem,
1749 5315 1843 5390 inter
1857 5317 2008 5395 Paulum
2023 5340 2056 5397 et
2072 5323 2268 5404 Neronem,

228 5433 349 5480 manes
362 5406 534 5504 Cyclopes
550 5421 586 5479 et
599 5404 827 5500 sophisticam
842 5412 1031 5482 colluviem
1049 5413 1219 5483 omnibns
1267 5475 1475 5498 W
1931 5399 1941 5420 ’

227 5511 449 5608 temporibus
463 5511 503 5582 in
518 5505 584 5583 hae
602 5510 673 5584 rita
691 5511 829 5584 duriter
848 5528 1034 5608 quassatur
1046 5509 1217 5590 Ecclesia.
1306 5545 1339 5615 a)
1359 5544 1420 5602 gn,
1431 5565 1529 5604 nanu·
1542 5545 1704 5624 sumpte«
1720 5547 1796 5610 χωρ,

246 4423 249 4432 ’
278 4437 467 4514 Hieron.
492 4433 854 4533 Bomgartnero,
887 4435 1065 4514 Senatori
1083 4439 1169 4517 incl.

536 4537 640 4612 urbis
666 4535 910 4637 Norihergae.
