4748 6180
115 317 162 396 ts
677 307 1112 388 EPISTOLARUM

112 487 234 550 tandem
263 485 438 546 necessitate
459 487 637 566 compulsos,
673 493 707 544 ut
726 483 802 542 hanc
823 500 886 542 rem
906 481 1107 560 aggrederen-

111 589 168 634 ιιι.
212 572 443 632 Diiudicationes
464 572 630 649 dogmatum
651 585 835 647 summopere
856 585 920 626 essa
938 567 1108 640 necessaria,

112 659 288 738 praesertim
323 674 392 714 cum
425 655 587 734 petulantia
620 655 802 732 ingeniorum
830 652 959 731 quotidie
988 659 1107 709 crescat.

112 745 169 804 Eas
191 753 293 800 autem
314 739 416 798 haberi
438 751 470 798 et
491 739 625 800 exerceri
646 758 704 796 non
725 755 829 818 posse,
856 737 909 795 nisi
930 738 1008 796 inter
1021 751 1109 813 prae-

112 830 212 906 cipuos
239 825 391 884 Ecclesiae
411 824 518 884 Christi
544 825 677 884 doctores
704 826 753 900 pia
780 834 812 882 et
839 822 971 880 salutaris
999 839 1058 898 pax
1079 828 1110 876 et

112 910 269 972 concordia
289 909 489 968 ransdtuatur.
532 909 649 986 Rogare
669 909 756 986 igitur
778 925 827 984 se,
854 915 887 964 ut
904 909 1032 984 ipsorum
1048 904 1111 981 pios

113 1007 233 1058 sonatur
260 994 390 1070 ιιοιιῑςιιιι
419 995 558 1072 accipiat,
591 1003 623 1052 et
649 992 723 1052 hano
744 993 965 1052 transactionem
985 1009 1039 1066 pro
1061 1005 1111 1045 sna

113 1085 224 1162 pietate
245 1079 378 1138 adiuret.
421 1080 556 1138 Tandem
576 1079 735 1155 propositas
756 1095 820 1136 esse
836 1075 1037 1154 pacificationis
1051 1073 1111 1130 sias

114 1187 130 1226 a
155 1166 276 1224 domino
307 1159 450 1244 Illyrico
479 1165 509 1222 in
538 1161 637 1223 libello
664 1162 703 1222 de
729 1163 841 1221 unitate
868 1159 997 1220 ineunda
1023 1173 1111 1236 prae·

118 1253 245 1330 scriptas.

212 1345 422 1426 Philippum
442 1359 540 1406 antem
562 1349 606 1407 his
627 1347 732 1407 audias
754 1346 850 1406 statim
872 1362 905 1404 se
924 1345 956 1403 in
977 1343 1112 1422 querelas

120 1433 286 1508 diffudisse,
320 1451 355 1492 ac
376 1451 562 1492 enumerasse
583 1452 649 1491 curn
669 1433 781 1509 ingenti
802 1429 963 1505 stomacho,
997 1429 1111 1506 quantis

121 1521 227 1580 iniuriis
249 1519 284 1576 sit
306 1518 450 1576 hactenus
473 1517 612 1590 allectum
640 1517 749 1576 deinde
773 1515 851 1576 clare
871 1533 904 1573 ao
919 1516 1028 1573 diserte
1043 1531 1111 1590 pro-

125 1605 289 1678 nunciasse,
324 1620 359 1661 se
381 1602 531 1661 Flacianos
561 1601 698 1660 articulos
718 1619 867 1678 nunquam
886 1600 1111 1678 approbaturum

131 1705 203 1748 esse.
250 1688 312 1745 Post
340 1685 450 1744 multos
476 1703 545 1745 vero
567 1703 716 1744 sermones
736 1686 814 1744 ultro
835 1687 964 1762 citroque
985 1684 1111 1756 aetates,

134 1783 164 1832 et
179 1773 344 1830 instannbus
358 1771 565 1830 hlediatoribus
587 1781 617 1828 et
639 1771 821 1848 rogantibus,
847 1781 880 1827 nt
901 1771 963 1847 ipse
985 1786 1111 1826 commo-

127 1858 216 1916 diores
237 1867 434 1934 proponeret,
461 1855 579 1914 tandem
600 1855 759 1933 postulasse
774 1851 988 1932 Philippum,
1009 1861 1042 1910 ut
1057 1853 1111 1929 ipsi

123 1943 206 2038 l'ti
234 1960 287 2000 sen
318 1939 510 2014 mediatores,
536 1941 609 1998 sicut
636 1941 723 1998 moris
751 1951 843 2015 esset,
869 1939 1003 1999 articulos
1024 1957 1110 2015 qnos-

120 2025 182 2083 dam
267 2025 377 2084 decent
407 2035 439 2083 et
465 2024 495 2082 in
525 2025 653 2084 medinm
682 2035 897 2103 proponerent,
932 2026 1014 2082 iuxta
1039 2041 1111 2101 quos

118 2046 287 2295 με,
295 2111 374 2187 piam
395 2109 576 2168 concordiam
598 2110 664 2167 iniri
684 2127 778 2188 possa

181 2241 189 2256 ·
230 2247 265 2284 ac
287 2227 437 2286 occasione
456 2234 487 2284 et
508 2227 680 2286 necessitate
700 2223 877 2284 Mediatores
896 2223 1050 2300 adductos,
1072 2243 1110 2283 ne

116 2313 207 2372 onmis
228 2313 306 2370 actio
329 2312 424 2368 atatim
445 2311 475 2368 in
496 2311 636 2389 principio
658 2312 897 2388 abrumperetur,
926 2321 959 2368 ut
980 2310 1019 2369 de
1040 2329 1110 2368 con-

117 2397 276 2475 scriptione
304 2395 486 2474 qnornndam
506 2397 692 2454 articulorum
712 2395 889 2474 cogitarent,
922 2393 972 2474 qni
992 2393 1109 2472 quidem

115 2485 233 2560 utrique
258 2481 335 2557 parti
357 2481 479 2558 proponi
498 2491 632 2558 possent,
665 2479 753 2559 idque
774 2481 814 2538 sic
836 2478 958 2555 fecisse,
991 2489 1024 2537 ut
1045 2499 1110 2556 qur-

116 2571 188 2628 iibet
213 2565 469 2642 superintendens
496 2585 561 2622 curn
588 2585 639 2624 suo
660 2565 851 2624 comministro
873 2567 975 2623 sursim
998 2563 1110 2623 delibe-

115 2665 211 2726 raret,
241 2659 274 2708 et
297 2657 399 2727 postea
419 2651 607 2708 communiter
628 2661 820 2726 statueretur,
847 2651 926 2728 qnod
948 2648 986 2708 ad
1008 2665 1110 2708 causae

115 2737 200 2797 burins
229 2733 468 2812 compositionem
489 2731 588 2794 facere
609 2735 767 2794 rideretur.
819 2735 1002 2812 Conscriptos
1023 2753 1110 2812 porro

117 2819 257 2882 mticulos
278 2819 408 2878 unanimi
429 2836 568 2878 consensu
591 2837 654 2877 sese
672 2813 835 2898 Pirtsppo
850 2819 934 2878 simul
948 2819 1110 2877 exhibuisse

118 2925 148 2964 ac
171 2905 335 2978 indicasse,
363 2921 395 2962 se
417 2913 535 2982 petere,
562 2914 596 2961 nt
617 2921 694 2962 nnnc
715 2916 838 2982 ntraqne
858 2923 927 2982 pars
947 2904 1111 2962 declararet

119 3010 197 3050 snam
219 2989 414 3062 sententiam,
449 2989 518 3065 quid
540 2988 734 3064 desideraret,
762 2990 831 3066 qnid
852 2989 988 3066 amplecti
1009 2989 1109 3047 vellet.

119 3077 171 3136 llic
191 3069 400 3150 Philippum
428 3071 530 3148 legatis
552 3071 696 3151 quoddam
718 3074 869 3133 tradidisse
889 3073 1044 3152 scripturn,
1078 3083 1111 3131 ut

120 3163 272 3236 legerent,
301 3169 391 3236 atque
412 3157 480 3234 ipsis
501 3159 627 3216 articulis
649 3157 781 3217 exhibitis
801 3159 923 3236 ipsaque
943 3177 1028 3216 causa
1044 3169 1111 3216 tan-

123 3257 224 3322 topere
253 3243 346 3300 luisse
374 3251 563 3318 commotum,
597 3251 630 3300 ut
653 3253 827 3301 vererentur
848 3244 1039 3318 mediatores,
1072 3259 1111 3300 ne

125 3331 287 3406 mgrarem
309 3326 436 3404 aliquem
459 3327 588 3384 morbum
609 3326 765 3402 incideret,
795 3346 918 3406 eamque
939 3329 975 3386 ob
997 3345 1111 3386 cansam

130 3431 157 3468 se
187 3415 282 3470 minos
318 3411 414 3470 libere
448 3429 513 3468 cum
543 3425 577 3470 eo
606 3411 730 3492 colloqui
759 3413 896 3490 potuisse.
954 3413 1112 3472 Praeterea

135 3488 325 3574 Htttppssr
345 3495 385 3554 ita
404 3495 508 3554 acerbe
529 3495 560 3554 in
581 3512 631 3554 eos
641 3493 789 3564 invectim
806 3513 869 3556 esse
883 3508 915 3556 at
929 3495 1000 3554 nihil
1014 3513 1111 3574 snpra.

131 3579 192 3640 Post
217 3581 296 3640 illam
324 3581 466 3638 actionem
493 3595 546 3656 eo,
581 3579 658 3658 quod
680 3575 862 3658 Philippus
889 3599 938 3640 eos
965 3592 1113 3658 suspectos

126 3663 261 3742 halerct,
290 3665 373 3744 qnasi
393 3663 527 3726 insidiose
548 3683 613 3721 crnn
634 3677 829 3741 congerent,
856 3683 888 3724 se
910 3667 1020 3744 cepisse
1042 3683 1112 3722 corr-

125 3751 234 3828 silium,
262 3761 296 3810 ιιι
317 3749 358 3808 hl.
388 3741 526 3807 Paulum
548 3742 692 3810 Ebersm
722 3757 876 3826 rogarent,
906 3751 956 3830 qui
984 3751 1111 3808 interce-

123 3833 205 3896 deret
232 3833 317 3914 apod
339 3827 556 3912 Philippeos,
589 3852 628 3893 ne
649 3833 723 3892 tales
743 3833 918 3912 suspiciones
939 3833 979 3894 de
1001 3832 1113 3890 media·

122 3921 229 3978 torilnrs
249 3919 391 3994 haberet,
418 3933 508 3998 seque
530 3927 648 3996 pararet
669 3918 772 3978 arboni
791 3927 911 3998 propter
932 3935 1112 3977 communem

121 4003 292 4064 massam
349 4001 497 4062 Placatum
524 4001 691 4062 hocmodo
714 3997 913 4082 Philippum
936 4013 1113 4082 postremum

118 4091 262 4168 scriptum
285 4085 324 4146 de
346 4087 471 4146 articulis
491 4087 593 4148 oblatis
614 4089 797 4148 contexuisse
818 4101 849 4148 et
870 4089 1051 4168 permisisse,
1081 4097 1112 4145 ut

117 4183 147 4235 et
177 4173 268 4232 alteri
296 4171 372 4252 parti
393 4171 591 4232 exhiberetur.
640 4171 765 4252 insuper
785 4175 962 4253 postulasse,
994 4184 1026 4232 ut
1048 4191 1115 4230 cor-

116 4257 277 4337 ruptelae,
311 4255 350 4314 de
377 4255 479 4334 quibus
505 4267 704 4334 accumretor,
736 4257 815 4317 clare
841 4269 873 4318 et
899 4259 1052 4338 perspicue
1074 4275 1111 4316 ex

115 4340 285 4404 maniissns
307 4339 420 4420 scriptis
441 4359 499 4400 non
521 4357 559 4400 ex
581 4342 719 4401 mrrtilatis
738 4343 892 4402 autdnbiis
906 4343 1111 4403 indicarentur.

194 4457 272 4532 §a
300 4457 309 4514 i
329 4457 387 4515 'tnr
413 4473 446 4516 se
472 4455 581 4517 offerre
601 4457 675 4516 haec
697 4459 751 4516 tria
772 4459 894 4538 scripta,
927 4463 1051 4538 primurn
1075 4460 1113 4518 de

115 4545 277 4604 vduntate
353 4539 475 4619 ilipps',
496 4541 672 4616 secundum,
689 4542 768 4622 quod
789 4546 951 4604 contineret
970 4545 1114 4620 articulos,

117 4629 247 4692 unum
272 4625 313 4686 de
341 4627 486 4686 sententia
513 4621 671 4706 Philipps·
696 4627 774 4706 quod
800 4627 838 4687 ad
866 4628 952 4689 hosce
979 4629 1113 4688 articulos

117 4715 281 4782 utinmeta
317 4721 463 4788 postremo
491 4729 609 4788 rogare,
645 4723 675 4771 ιιι
695 4713 869 4771 sententiam
890 4731 969 4772 snara
990 4713 1114 4790 hlagde-

118 4799 288 4872 hargensoe
315 4795 483 4868 declarent,
517 4795 697 4874 corruptelas
724 4795 852 4856 dilucide
879 4809 1113 4874 commonstrent,

117 4897 153 4942 et
175 4899 231 4956 aa,
251 4897 326 4958 quaa
348 4880 434 4958 paulo
455 4880 595 4938 drrriusa
620 4875 779 4957 Philippo
800 4881 876 4940 dicta
897 4893 1009 4956 essent,
1029 4883 1113 4940 dissi-

119 4965 291 5038 mularent,
317 4965 405 5022 etiam
426 4983 477 5022 sao
499 4963 586 5040 ipsius
605 4965 758 5040 exemplo,
787 4966 843 5024 into
866 4985 965 5026 serram
986 4969 1113 5024 omniurn

120 5047 371 5110 maximeChristi
392 5049 529 5126 exemplo
551 5049 626 5108 unici
646 5051 736 5108 nostri
747 5049 924 5124 Serrstoris,
952 5054 1001 5130 qni
1022 5053 1112 5110 xrnlto

119 5137 211 5212 plora
237 5149 397 5212 perpessus
423 5143 501 5192 essct
528 5135 618 5192 nostri
643 5135 750 5210 gratia,
783 5135 971 5196 moderentur
993 5137 1113 5196 allectas

120 5237 235 5278 summ
262 5227 387 5290 conatu,
422 5227 454 5278 et
480 5227 592 5276 tantum
611 5219 702 5296 ipsam
723 5234 786 5276 rem
806 5221 1023 5295 aggrediantur.
1071 5221 1112 5278 Se

120 5315 221 5362 nmen
250 5301 307 5380 ipu'
333 5301 450 5380 negotio
477 5311 510 5360 et
534 5299 652 5378 mnsae',
686 5318 762 5380 quae
789 5321 848 5360 non
869 5306 907 5364 sit
928 5307 1039 5384 privata
1059 5303 1112 5364 sed

120 5389 209 5446 totim
228 5385 382 5448 Marte
402 5386 473 5444 nihil
495 5385 624 5446 adimere
645 5385 736 5446 veile.
785 5385 892 5446 Libero
912 5391 989 5468 ipsos
1009 5391 1110 5468 spiritu

118 5469 535 5542 &nemetinensis
555 5488 637 5532 snam
656 5487 807 5552 exponere
828 5489 923 5550 possa.

1162 307 1270 390 LIB.
1296 310 1399 390 Xlli.
1451 307 1586 387 1557.
2102 315 2152 392 ts

1243 483 1330 546 flisco
1358 482 1552 563 addiderunt,
1587 485 1762 546 mediatores
1782 487 1958 565 Vrtebergae
1987 505 2093 564 magno
2120 489 2151 548 ln
2266 465 2286 480 ⁸

1159 569 1288 646 periculo
1316 587 1396 645 esse,
1431 570 1462 627 in
1492 583 1572 630 tanta
1599 571 1734 630 nimirum
1762 573 1907 631 laxatione
1928 571 2096 650 discipbnae
2118 583 2150 632 et

1160 653 1322 732 petulantia
1342 655 1546 732 studiosorum,
1568 673 1654 734 qnam
1676 674 1773 716 coram
1794 667 1931 732 cernant,
1961 667 1992 716 et
2011 657 2149 735 quosdam

1159 740 1216 796 iam
1245 741 1287 798 eis
1308 738 1530 817 dilapidationes
1551 759 1615 800 esse
1635 741 1765 800 minatos.
1815 743 1877 802 Sed
1897 760 1929 800 se
1949 743 2005 800 ista
2026 743 2149 800 terricu-

1160 823 1289 882 lamenta
1310 832 1340 882 et
1359 826 1490 900 pericula
1512 845 1570 886 non
1590 824 1794 886 formidaturos
1813 845 1878 886 esse
1900 827 1953 886 hac
1966 827 2056 884 innixi
2071 827 2148 886 fidu-

1161 909 1219 984 cia,
1239 909 1335 970 Deum
1355 909 1386 966 in
1408 927 1460 968 sna
1482 912 1624 990 totiusque
1641 911 1786 970 Ecclesiae
1804 929 1889 970 cansa
1905 912 2070 970 laborantes
2086 914 2148 972 sios

1162 992 1246 1051 dnbio
1273 1003 1472 1070 protecturum
1500 1014 1574 1056 esse.
1623 997 1702 1064 Quin
1730 1007 1761 1054 et
1788 995 1843 1054 hoc
1864 997 2071 1056 subindicatnm
2095 1009 2149 1072 est,

1160 1076 1216 1144 hoc
1243 1079 1290 1156 agi
1316 1097 1374 1136 non
1399 1081 1504 1157 exigno
1533 1081 1626 1140 studio
1654 1081 1821 1159 Viteberg.,
1858 1092 1890 1140 nt
1915 1081 2089 1140 mediatores
2119 1083 2148 1138 iu

1161 1164 1414 1240 Vitebergensinm
1454 1176 1569 1243 partem
1606 1165 1786 1242 concedant,
1827 1167 1926 1244 eisque
1961 1167 2149 1241 subscribant,

1162 1249 1270 1308 omissis
1301 1249 1417 1326 penitus
1443 1251 1491 1326 iis,
1528 1250 1578 1328 qui
1606 1261 1706 1310 contra
1727 1251 1941 1329 adiaphoristas
1961 1252 2148 1328 scripserunt,

1162 1333 1211 1392 rel
1237 1331 1341 1392 saltem
1370 1345 1402 1392 ut
1429 1336 1526 1412 aliqua
1545 1337 1623 1394 inter
1643 1337 1720 1412 ipsos
1740 1337 1914 1396 mediatores
1936 1337 2021 1395 fieret
2043 1337 2147 1395 scissio.

1162 1419 1231 1478 ideo
1252 1414 1414 1494 prudenter
1435 1420 1581 1496 agendum
1601 1438 1675 1479 esse.

1246 1503 1350 1562 Habita
1376 1504 1584 1564 deliberatione
1605 1503 1872 1582 Magdelrnrgenses
1892 1507 2089 1582 respondent,
2117 1522 2148 1566 se

1162 1585 1270 1646 habere
1304 1599 1336 1646 et
1371 1607 1460 1667 agere
1491 1591 1613 1649 dominis
1642 1591 1846 1662 bledlatoribns
1882 1591 2059 1648 immortales
2093 1609 2148 1668 pro

1162 1673 1301 1750 susceptis
1329 1673 1472 1734 laboribus
1497 1677 1529 1734 in
1555 1676 1761 1753 componendis
1788 1669 1918 1734 dissidiis
1937 1676 2023 1734 totins
2043 1675 2147 1734 Facie-

1160 1758 1236 1832 siae,
1256 1776 1315 1816 non
1336 1758 1488 1836 dubitare,
1517 1761 1585 1839 quin
1606 1762 1686 1820 Deus
1706 1759 1822 1820 abunde
1842 1761 1879 1818 sit
1899 1769 2145 1837 compensaturus.

1161 1843 1317 1900 Caeterum
1345 1861 1377 1901 se
1405 1863 1463 1905 non
1490 1863 1595 1922 parum
1615 1862 1679 1904 esse
1700 1845 1899 1922 perturbatos,
1937 1844 2014 1921 quod
2035 1843 2147 1902 indica·

1162 1927 1236 2001 rint,
1269 1928 1346 2006 ipsos
1371 1946 1430 1986 non
1457 1931 1526 1988 satis
1551 1931 1644 1990 libere
1663 1931 1790 2008 potuisse
1811 1949 1877 1988 cnm
1897 1925 2064 2005 Hilippo
2085 1929 2146 2008 col-

1161 2011 1256 2088 loqui,
1290 2031 1355 2070 cum
1382 2014 1500 2091 quidem
1528 2032 1630 2074 causae
1657 2015 1781 2092 gravitas
1801 2013 1856 2074 hoc
1877 2015 1926 2074 sel
1946 2013 2076 2090 inprimis
2096 2033 2147 2072 oo-

1162 2093 1280 2174 gitet*).
1323 2097 1405 2158 Nihil
1425 2101 1503 2160 enim
1524 2118 1557 2158 se
1577 2101 1616 2160 de
1636 2118 1721 2158 causa
1741 2100 1808 2159 boni
1828 2117 1947 2178 sperare
1968 2116 2067 2176 posse,
2093 2097 2148 2156 nisi

1161 2179 1216 2239 hoc
1237 2180 1306 2256 fiat,
1337 2199 1371 2240 ac
1392 2201 1496 2260 rogare
1517 2202 1571 2261 per
1591 2183 1753 2258 Christum,
1787 2195 1820 2242 ut
1841 2185 1931 2262 magis
1951 2184 2071 2260 gloriam
2091 2182 2147 2241 Dei

1161 2282 1194 2322 ac
1221 2265 1344 2324 salntem
1365 2269 1450 2326 totius
1470 2269 1634 2344 Ecclesiae,
1669 2269 1797 2346 denique
1817 2271 1905 2328 etiarn
1926 2287 2025 2327 seram
2046 2286 2080 2327 ac
2100 2285 2147 2326 sa·

1161 2347 1284 2408 luterem
1312 2352 1528 2411 conversionem
1553 2363 1737 2430 peccatorum
1759 2363 1913 2431 quaerant,
1947 2371 2033 2430 quarn
2055 2353 2148 2410 honri-

1086 2479 1092 2493 .
1161 2451 1246 2509 uem,
1274 2453 1363 2493 unum
1382 2437 1571 2514 praesertim,
1591 2438 1641 2496 sel
1662 2447 1793 2496 metuant
1813 2437 1862 2494 vel
1884 2438 1988 2496 colant.
2033 2437 2147 2512 Scripta

1161 2519 1288 2578 exhibita
1308 2538 1340 2580 se
1361 2521 1509 2598 accipere,
1540 2533 1572 2581 et
1591 2523 1622 2580 in
1642 2523 1745 2580 timore
1766 2521 1874 2578 dorm'rri
1893 2521 2019 2580 lesnrros
2040 2531 2069 2577 et
2092 2537 2147 2578 ex·

1161 2620 1316 2682 pensuros,
1336 2623 1370 2664 ac
1391 2616 1493 2683 postea
1513 2608 1729 2684 responsionem
1750 2606 1914 2665 reddituros
1935 2623 2008 2664 esse.

1245 2689 1420 2750 Mediatores
1442 2691 1486 2750 his
1506 2691 1612 2750 auditis
1632 2702 1752 2770 petant,
1779 2707 1817 2749 ne
1838 2692 2005 2750 existiment
2024 2690 2148 2766 hiagde·

1161 2771 1336 2848 burgenses,
1357 2792 1389 2833 se
1410 2776 1504 2834 minus
1526 2777 1617 2836 libere
1637 2795 1733 2835 coram
1751 2771 1914 2854 Philippo
1928 2775 2052 2850 dixisse,
2072 2791 2147 2852 qnae

1161 2856 1199 2915 ad
1220 2859 1295 2916 hanc
1315 2877 1428 2918 carrmm
1450 2861 1600 2938 pertinere
1620 2861 1782 2920 necessario
1803 2861 1955 2936 sidentur,
1981 2859 2033 2918 sed
2054 2861 2147 2917 inter-

1161 2942 1231 3000 dum
1258 2943 1320 3002 eius
1346 2946 1527 3004 cosmnotioni
1557 2945 1687 3004 nonnihil
1714 2943 1934 3004 concedendum
1962 2944 2066 3018 iriae,
2099 2960 2148 3018 ne,

1162 3026 1199 3102 si,
1233 3027 1311 3105 quod
1343 3029 1432 3105 absit,
1466 3041 1591 3108 repente
1624 3031 1655 3088 in
1688 3031 1819 3090 morbum
1852 3029 2010 3104 incideret,
2046 3039 2147 3104 postea

1162 3114 1252 3169 omnis
1279 3130 1365 3171 eausa
1391 3115 1421 3172 in
1449 3115 1524 3192 ipsos
1552 3113 1772 3174 transferretur.
1828 3115 1869 3174 Se
1897 3115 1970 3172 bona
1990 3111 2050 3172 fide
2071 3111 2146 3168 banc

1162 3214 1277 3254 cansam
1293 3197 1349 3256 Dei
1370 3209 1484 3258 acturos
1504 3211 1535 3258 et
1555 3201 1701 3258 liberrimo
1723 3201 1840 3278 spiritu,
1862 3209 1894 3256 ut
1915 3197 2070 3277 aliquando
2083 3196 2147 3254 Deo

1146 3299 1259 3342 ⁴corttrn
1279 3281 1381 3341 iudicio
1401 3283 1505 3342 iustiss.
1527 3283 1668 3342 reddituri
1688 3285 1746 3342 sint
1766 3286 1918 3343 rationem.

1246 3365 1308 3426 Etsi
1334 3377 1432 3427 autern
1459 3371 1496 3428 D.
1523 3361 1699 3431 Morliw
1727 3369 1912 3443 condixerat,
1949 3381 1983 3424 se
2009 3363 2148 3444 postridie

1162 3449 1324 3510 habiturum
1350 3454 1515 3512 concionem
1536 3455 1713 3532 Vitebergae
1735 3455 1796 3512 looo
1816 3447 2015 3523 Pomona,
2048 3460 2147 3506 tornea

1164 3535 1307 3613 promisit,
1340 3555 1373 3596 se
1393 3555 1559 3596 mansurum
1579 3541 1706 3614 Cosrici,
1732 3539 1826 3598 dones
1846 3555 1880 3597 re
1900 3535 2061 3594 deliberata
2081 3549 2148 3592 cer-

1164 3635 1224 3678 tum
1245 3637 1413 3697 responsum
1435 3621 1474 3680 ad
1495 3643 1561 3682 suos
1582 3633 1732 3701 reportare
1753 3631 1867 3700 pometa
1898 3637 1931 3678 se
1951 3619 2029 3676 enirn
2054 3635 2147 3694 agno·
2262 3653 2271 3664 ·

1163 3719 1244 3762 scere
1270 3722 1385 3764 causam
1412 3724 1478 3766 esse
1504 3709 1620 3766 maximi
1647 3708 1785 3766 momenti
1812 3716 1843 3764 et
1871 3703 2023 3780 requirere
2044 3717 2147 3778 gravas

1162 3787 1400 3864 deliberationes,
1428 3807 1525 3866 neqne
1547 3792 1607 3850 nllo
1628 3793 1713 3850 modo
1734 3787 1979 3868 praecipitandam
1999 3802 2074 3844 esse.

1245 3869 1307 3950 Sub
1327 3891 1478 3950 vesperam
1499 3874 1584 3932 huius
1605 3875 1662 3934 diei
1683 3885 1828 3934 venerunt
1848 3873 1998 3932 Cossicnm
2019 3871 2059 3928 ill.
2085 3863 2148 3930 Pe·

1162 3961 1237 4014 trsss
1249 3951 1405 4033 Arbiter,
1424 3957 1525 4018 Pastor
1537 3959 1883 4037 hluncheneuburgensis,
1904 3967 1934 4016 et
1945 3956 2022 4034 ldag.
2037 3951 2147 4015 Heia·

1162 4042 1254 4100 rtcns
1272 4039 1451 4118 Breatiss,
1471 4043 1626 4104 Kalliensis
1646 4047 1845 4120 concionator,
1865 4053 1897 4104 at
1917 4042 1994 4120 hlsg.
2009 4033 2148 4106 Antio·

1163 4129 1257 4204 aises,
1285 4139 1382 4208 pastor
1402 4128 1612 4189 Nortlrnsanus.

1452 4321 1676 4338 *annu-Qun·
1680 4325 1723 4336 0-
1734 4323 1854 4340 -n-nq

1168 4448 1231 4518 b'o.
1248 4447 1362 4521 6172.

1181 4543 1343 4572 m

1995 4457 2053 4524 24.
2071 4449 2134 4516 lan.

1978 4541 2143 4576 vm

1521 4655 1792 4760 (Narratio.)

1233 4813 1256 4882 ἢ·
1273 4811 1312 4869 Ra
1325 4813 1402 4870 Astis
1415 4824 1530 4872 tentatas
1543 4813 1672 4888 pacificat.
1685 4815 1713 4869 ts
1727 4815 1790 4871 aad.
1801 4813 1874 4871 Galli
1888 4813 1911 4870 l.
1928 4833 1957 4886 p.
1970 4814 2036 4884 sot,

1163 4963 1344 5048 (ll'urrats'o
1363 4989 1494 5046 rmus,
1521 4989 1605 5050 qnae
1625 4988 1648 5030 ιι
1669 4967 1867 5033 Partnriiss
1887 4966 2017 5034 Saros.
2040 4969 2072 5034 a
2091 4973 2145 5035 il.
2250 4983 2259 5000 ⁸

1427 5055 1506 5118 lass.
1528 5055 1658 5117 Cossini
1675 5067 1756 5118 acta
1776 5053 1884 5136 suat.)
2246 5073 2250 5082 ·

1163 5157 1202 5240 A
1223 5185 1345 5264 prandio
1366 5187 1423 5247 dici
1444 5183 1497 5247 24.
1518 5187 1641 5245 ianuarii
1662 5190 1753 5266 rogati
1773 5205 1812 5247 ex
1833 5187 1990 5248 diversorio
2011 5187 2047 5250 ad
2061 5187 2146 5266 lllag·

1161 5267 1361 5352 deburgenses
1387 5272 1512 5331 redeunt
1537 5272 1678 5351 praedicti
1705 5273 1894 5346 mediatores,
1924 5273 2070 5354 accepturi
2096 5289 2146 5332 re-

1195 5485 1226 5554 η
1246 5481 1292 5540 stc
1309 5481 1379 5540 haud
1397 5481 1629 5544 dubiam-dosa
1644 5481 1835 5556 prolem,
1852 5483 1895 5543 tal
1914 5483 2010 5541 a'ras‘ls.
