4754 6184
250 283 328 373 tss
808 273 1252 371 rrrsrortauu
1302 287 1412 369 ιιι.
1440 290 1543 372 x111.
1597 288 1726 374 mss.
2188 303 2248 382 ιιι

256 455 398 566 coniugi
422 485 457 544 et
478 454 552 542 blio
569 462 750 544 Gerardo.
806 464 899 542 Orat
913 481 1031 540 autem
1050 461 1176 537 Pastor
1192 463 1249 534 in·
1302 459 1478 554 Ecclesia;
1504 489 1643 560 semper
1662 470 1757 538 enim
1773 460 1954 540 Ecclesiae
1976 471 2105 542 iudicio
2126 481 2253 550 mesub-

258 574 379 648 cbcari
397 577 623 668 pensionem,
652 585 688 642 s'e
704 573 806 658 vivo,
829 567 898 642 hoc
913 595 1020 643 anuo.
1064 568 1252 652 Videmus,
1303 566 1380 641 ieci.
1433 567 1556 642 Postea
1571 585 1708 664 tempus
1725 573 1852 644 incidit
1867 575 1905 642 io
1923 597 1994 668 quo
2010 587 2133 646 tentata
2147 575 2255 648 estlle-

258 704 349 775 quae
369 681 415 752 sit
435 691 585 752 senecta.
636 673 949 767 Etscriptumcst':
977 669 1124 744 Honore
1141 669 1250 743 adfice
1303 670 1490 742 clesiarum
1514 686 1715 744 nostrarum
1739 675 1908 757 mutatio,
1938 701 2043 771 quam
2063 681 2255 770 prorsusdis-

259 783 488 854 sacerdotem.
544 778 658 850 Valde
681 778 790 867 igitur
813 801 897 861 oro,
927 789 967 846 ut
987 773 1153 866 petitioni
1175 773 1251 842 eius
1304 772 1415 859 suasi,
1441 775 1502 843 sed
1525 799 1607 846 cum
1631 793 1830 866 pugnarent
1850 779 1995 872 quidam
2010 780 2213 871 pertinaciter
2225 785 2257 850 de

259 881 326 954 hac
342 885 381 954 iu
397 909 436 956 re
452 883 614 966 satisfiat,
641 894 674 952 et
689 883 843 950 formam
862 880 1046 950 literarum
1065 876 1189 960 mitto,
1212 885 1252 944 ut
1304 874 1433 945 ritibus
1464 901 1540 946 non
1565 878 1707 948 viciosis
1736 905 1801 950 suo
1827 903 1974 970 genere,
2012 881 2072 974 qui
2096 905 2258 972 magnast

254 988 381 1058 'labore
396 986 528 1058 scribas
544 986 711 1067 levemus,
738 996 771 1054 et
786 1005 832 1052 ne
848 981 982 1050 scribae
996 977 1157 1070 occupati
1174 1000 1252 1046 mo·
1304 990 1403 1067 parte
1418 977 1458 1046 iu
1473 975 1641 1066 Ecclesiis
1656 976 1763 1051 buius
1778 983 1933 1072 regionis
1946 986 1990 1052 ad
2008 984 2043 1052 id
2058 996 2182 1074 tempus
2195 979 2258 1052 bae·

252 1113 335 1160 ram
372 1085 456 1160 huic
488 1087 635 1177 negocio
670 1086 840 1155 adferant.
913 1078 1075 1154 Obsecro
1107 1093 1255 1171 propter
1306 1092 1437 1162 serant,
1459 1104 1532 1149 non
1549 1083 1647 1151 volui
1662 1084 1777 1152 deseri
1792 1081 1966 1156 Ecclesiae
1980 1097 2119 1176 propter
2133 1085 2165 1154 id
2179 1109 2257 1164 onus,

252 1189 398 1275 Deum,
423 1203 465 1262 ut
489 1201 649 1259 senectae
672 1187 752 1258 talis
768 1186 837 1254 viri
855 1180 914 1254 bic
929 1179 1046 1254 honos
1065 1183 1252 1254 tribuatur.
1307 1195 1386 1250 com
1412 1183 1573 1253 doctrina
1599 1209 1672 1254 non
1693 1200 1901 1258 mutaretur.
1967 1185 2020 1258 Ac
2048 1190 2091 1256 dc
2119 1199 2184 1256 toto
2209 1181 2258 1254 hoc

261 1294 391 1384 Credo,
419 1291 700 1364 illustrissimum
715 1287 918 1380 Principem
936 1311 1001 1380 pro
1017 1309 1078 1354 sua
1094 1284 1255 1356 bonitate
1308 1283 1457 1352 corrsilio
1481 1298 1566 1356 tunc
1582 1279 1609 1380 ¹)
1634 1289 1803 1378 respondi
1824 1287 2035 1360 Reverendo
2058 1287 2131 1358 viro
2153 1289 2190 1361 D.
2206 1291 2257 1356 Αι-

260 1417 334 1464 non
350 1393 522 1485 gravatim
541 1413 789 1464 concessurum
805 1412 879 1460 csse
897 1383 966 1458 boc
980 1387 1205 1460 beneficium.
1304 1383 1412 1480 pino,
1439 1411 1510 1480 quo
1526 1402 1684 1479 tempore
1699 1385 1766 1460 boc
1780 1391 1884 1462 etiam
1900 1393 2039 1474 accidit,
2061 1403 2101 1460 ut
2114 1390 2203 1460 multi
2215 1389 2258 1482 qui

361 1512 559 1607 Ερῑῃοιῃῃ
583 1505 1006 1604 Bord,·„g,·,0b{,1,geg
1027 1497 1255 1588 bachimas,
1308 1487 1394 1558 alibi
1411 1483 1588 1558 Ecclesias
1607 1513 1687 1560 sucu
1709 1495 1955 1576 deseruerant,
1983 1519 2056 1564 non
2069 1492 2258 1562 solumtruc-

262 1617 300 1685 in
326 1641 395 1711 qm,
418 1629 452 1686 ,2
474 1615 584 1684 vestri
606 1615 645 1684 fig
667 1615 812 1684 mugio,
864 1611 953 1696 Hic,
984 1608 1052 1679 Dei
1074 1608 1256 1690 beneficio,
1307 1589 1470 1708 rentur')
1485 1587 1740 1685 tranquillitate
1754 1589 1882 1666 harum
1898 1597 2094 1685 regionum,
2110 1595 2163 1664 sed
2181 1593 2258 1662 etiam

261 1719 500 1811 tranquillitas
525 1732 594 1802 est,
626 1730 662 1786 et
681 1716 751 1784 iarn
767 1709 951 1784 Palatino
968 1708 1135 1781 Electori
1153 1709 1255 1778 mitto
1308 1704 1419 1762 ‘vem
1442 1695 1486 1762 ad
1510 1695 1805 1784 gubernationem
1828 1697 2072 1798 ritusuostros
2091 1696 2257 1788 reciperent.

250 1821 413 1890 :sormam
436 1817 648 1890 Consistorii
670 1818 796 1894 nostri.
846 1813 943 1886 Bene
966 1829 1002 1886 et
1023 1813 1175 1884 feliciter
1193 1835 1256 1880 va·
1308 1791 1380 1862 Nec
1396 1817 1519 1864 recuso
1535 1800 1821 1886 ⁰211S2ffld5⁰⁰r02
1845 1793 2257 1898 ubicunqueetitoectffl·

261 1923 341 1999 lete.
393 1919 470 1996 Ctd.
488 1919 686 1992 Februarii.
1309 1890 1510 1993 Oppognor
1533 1911 1650 1970 cirtem
1667 1897 1840 1996 Ulyssec's
1864 1905 2013 1979 artibus.
2064 1901 2181 1994 Sparsa
2200 1908 2258 1966 suut

1005 2013 1206 2111 Philippus·
1308 1997 1346 2065 in
1364 2000 1535 2089 populum
1553 2015 1674 2072 nostro
1692 2007 1857 2090 nomine,
1883 2005 1948 2076 'nec
1966 2006 2106 2096 scripta,
2131 2026 2186 2070 nec
2199 2021 2258 2091 pro·

1309 2100 1378 2170 lata
1403 2125 1423 2170 a
1445 2126 1518 2187 me,
1551 2107 1723 2196 quaedam
1750 2108 1853 2176 etiam
1878 2111 2053 2180 mutilata.
2120 2103 2196 2176 lude
2217 2122 2258 2168 cr·

1309 2211 1481 2272 truuntor
1494 2206 1716 2278 saevissimae
1732 2209 2022 2300 criminationes,
2047 2221 2082 2280 et
2094 2199 2256 2304 quidemn

327 2364 332 2373 ,
691 2373 697 2386 ,
1309 2303 1370 2386 iis,
1396 2305 1458 2398 qui
1478 2319 1561 2376 tunc
1577 2303 1607 2401 ³)
1630 2333 1771 2404 quoque
1786 2333 1905 2382 rerum
1923 2335 2127 2404 magnarum
2143 2305 2254 2397 explica·

260 2393 328 2468 No.
345 2391 459 2471 6454.
1076 2391 1249 2514 Q
1309 2407 1441 2477 tionem
1466 2408 1738 2500 impediverunt.
1790 2411 1829 2485 Si
1851 2415 1937 2508 quid
1953 2429 2074 2487 tamen
2092 2412 2142 2502 egi
2152 2401 2254 2493 langui-

270 2489 442 2590 '‘f'‘
856 2590 864 2612 ·
1310 2509 1389 2578 dius
1408 2509 1447 2577 in
1471 2523 1568 2581 tanta
1592 2515 1818 2601 contusione,
1850 2517 1965 2587 bonos
1990 2543 2072 2602 oro,
2099 2528 2137 2586 ot
2154 2510 2254 2580 venian

536 2589 689 2680 Paulo
714 2594 771 2678 ad)
797 2591 982 2678 Eetzcn.
1309 2612 1395 2681 dent
1410 2611 1608 2684 infirmitati
1625 2639 1733 2703 meae,
1759 2631 1793 2690 et
1806 2619 1895 2688 illud
1914 2634 2016 2692 vetus
2028 2619 2184 2708 cogitent:
2205 2600 2251 2680 dd'

330 2775 408 2830 Edita
427 2793 441 2829 a
458 2773 582 2829 Peueero
605 2772 634 2826 in
652 2769 720 2826 Mel.
738 2770 824 2843 Epist.
849 2769 947 2826 libii.
963 2767 1067 2854 post.
1091 2767 1145 2837 (ed.
1165 2767 1255 2825 Lond.
1309 2707 1413 2836 oldae
1435 2709 1919 2844 ὄφλωνὶκκαὶαπρόχθησρν
1940 2717 1984 2794 τὸ
2011 2725 2145 2818 πρᾷογθ
2174 2707 2252 2798 dmi

364 2846 411 2900 tib.
427 2847 459 2900 tt.
484 2863 529 2924 ep:
544 2841 622 2925 ssa,
654 2841 699 2894 obt
721 2859 751 2894 er
770 2858 865 2894 errore
886 2841 1016 2912 inncrrpu
1039 2840 1255 2894 cantamerulo
1334 2839 1382 2908 op
1402 2809 1523 2897 οἶκτος
1542 2843 1606 2889 και
1632 2819 1712 2916 desp
1738 2819 1995 2916 σιαθμιζεται.
2047 2823 2200 2894 Profiteor
2214 2830 2250 2877 ¹⁰⁰

252 2991 257 3000 ·
363 2909 852 3044 anticlaudiani:
867 2908 1255 3102 stat-,tatttptc
1306 2841 1434 2988 dmm
1467 2914 1706 2991 Ecetram
1736 2923 1848 2994 civem
1882 2949 1975 3012 esse,
2013 2939 2048 2996 c
2072 2921 2190 2996 uuum
2208 2909 2248 2981 n

363 3059 390 3104 et
404 3050 509 3108 contuli
522 3046 697 3131 apogrsplpoo
712 3047 903 3118 perantiquum
918 3046 947 3102 io
961 3049 1027 3104 bibl·
1041 3046 1124 3119 Regia
1163 3066 1253 3103 anno·
1308 3041 1390 3102 (Πο,
1417 3033 1457 3089 ul
1482 3043 1537 3090 0³⁸
1562 3025 1754 3112 gubernet,
1782 3041 1816 3098 et
1837 3043 1968 3114 servet,
1994 3021 2243 3100 elmelntis'ti

363 3138 420 3180 Ψ·
455 3119 626 3174 ffi⁶n⁰¹¹¹¹¹
644 3119 775 3189 incripta
792 3125 848 3172 ‘⁸⁸²
1062 3153 1066 3162 ·
1306 3145 1352 3190 ne
1376 3123 1486 3212 magis
1514 3123 1754 3198 lacerarentur
1768 3125 1798 3224 ⁴)
1824 3151 1945 3200 earum
1974 3131 2146 3222 vulnera,
2170 3121 2243 3190 minu

1307 3224 1473 3314 respondi
1496 3225 1669 3312 inimicis,
1703 3253 1792 3322 quos
1814 3233 1918 3302 video
1942 3229 2180 3325 implacabiles
2195 3237 2248 3288 esst·

1306 3322 1472 3415 Repressi
1489 3327 1594 3398 etiam
1611 3331 1675 3402 ubi
1690 3333 1808 3422 potui,
1833 3345 1868 3405 et
1885 3335 2080 3426 reprimam
2096 3329 2252 3411 ubicunque

1307 3440 1450 3515 potero,
1476 3431 1645 3502 maledica
1669 3435 1796 3524 scripta
1819 3438 1991 3511 edituros.
2043 3427 2253 3520 &mathilt

1305 3533 1362 3598 tus
1383 3529 1422 3597 in
1445 3543 1595 3626 utraque
1620 3548 1718 3626 parte
1733 3538 1886 3628 optarim
1903 3540 2161 3629 vigilantiores,
2181 3541 2207 3597 ti
2220 3543 2255 3590 t*

1305 3630 1459 3702 veriores
1491 3658 1565 3704 esse
1597 3637 1636 3707 in
1668 3633 1901 3728 prohibendis
1927 3641 2161 3716 editionibus,
2194 3643 2257 3720 quac

260 3719 308 3812 S.
332 3731 378 3808 D.
427 3729 638 3805 Reverendc
653 3729 758 3800 viret
780 3723 985 3801 charissime
1002 3731 1129 3817 irater,
1156 3729 1250 3803 Gra·
1304 3746 1388 3803 sunt
1401 3734 1628 3810 dissidiorum
1643 3741 1746 3816 iaces.
1796 3741 1869 3814 Nec
1884 3745 2038 3816 dubium
2054 3757 2103 3816 cst
2118 3732 2257 3831 pt-fflssff‘

259 3853 332 3909 tam
363 3835 464 3904 vobis
486 3831 810 3936 fuisse‘editioncm
831 3834 988 3924 pagellae
1010 3836 1055 3904 de
1076 3857 1251 3906 consensu
1304 3829 1395 3906 banc
1413 3860 1534 3908 curam
1550 3843 1592 3910 ad
1610 3841 1876 3930 gubernatores.
1927 3844 2052 3935 Ossaea
2069 3829 2257 3916 ethonestit·

259 3959 401 4019 eorum,
426 3937 487 4029 qui
509 3936 548 4005 in
570 3937 658 4006 urbe
679 3929 719 4000 V
717 3931 920 4026 angionnm
944 3937 1089 4006 nomina
1109 3961 1171 4006 sua
1187 3937 1251 4007 ad-
1303 3936 1384 4005 simi
1405 3955 1549 4010 senatus
1571 3938 1697 4029 iestri,
1723 3960 1757 4016 st
1768 3959 1866 4017 tuam
1882 3949 2091 4038 gravitatem
2103 3941 2257 4018 laruda,el

259 4039 435 4121 diderint,
463 4039 620 4126 gaudeo,
641 4059 731 4128 quae
751 4036 896 4127 quidem
919 4037 1016 4106 bono
1039 4039 1188 4108 consilio
1203 4041 1250 4111 ab
1302 4039 1404 4108 vobis
1425 4043 1571 4131 gratiam
1594 4038 1728 4130 babeo,
1757 4052 1853 4142 quod
1878 4052 2098 4125 voluntatem
2117 4041 2256 4136 optimam

258 4142 302 4212 iis
319 4139 446 4228 scripta
462 4151 498 4210 et
512 4140 605 4208 edita
621 4151 691 4220 cst,
718 4139 780 4230 qui
795 4149 829 4207 et
843 4140 1045 4219 sententiis,
1071 4153 1106 4211 et
1119 4141 1249 4211 volun·
1302 4140 1340 4207 in
1356 4135 1422 4210 bac
1438 4167 1477 4214 re
1493 4147 1694 4218 ostendistis
1708 4145 1748 4242 ⁸).
1790 4148 1842 4220 'ln
1858 4148 2051 4226 Academia
2066 4159 2188 4228 nostra,
2209 4128 2257 4210 Dsi

245 4243 390 4316 ¹tatibus
411 4241 592 4312 coniuncti
613 4251 714 4308 ,sunt
778 4237 908 4331 Meque
932 4254 966 4310 et
987 4241 1095 4311 tuisse
1117 4256 1153 4313 et
1174 4266 1247 4312 esse
1300 4243 1491 4330 beneficio,
1519 4249 1639 4318 eadem
1663 4263 1714 4320 est
1732 4275 1798 4321 vox
1815 4255 2016 4341 doctrinae,
2041 4269 2074 4325 et
2093 4237 2257 4321 invocatio-

255 4345 458 4414 communis
504 4339 744 4412 Ecclesiamm
793 4354 993 4410 nostrarum
1037 4343 1249 4416 concordiae
1301 4343 1376 4429 nis,
1402 4361 1566 4438 quaeest
1591 4351 1629 4418 in
1648 4368 1759 4422 vestra
1775 4349 1952 4440 Ecclesia,
1979 4372 2012 4430 et
2031 4370 2122 4426 recte
2138 4345 2257 4422 tradun-

256 4462 434 4517 amantem
457 4444 619 4514 existimo
644 4455 678 4512 te
696 4441 834 4510 etalios
850 4441 1093 4520 multosscire.
1145 4445 1247 4518 Sem-
1301 4459 1359 4514 tor
1391 4441 1620 4520 honestarum
1656 4455 1785 4524 artium
1820 4458 1964 4531 semina.
2033 4457 2142 4550 Spero
2175 4444 2257 4516 etiam

253 4571 319 4638 per
340 4548 445 4618 etiarn
460 4543 674 4624 Ecclesiam,
703 4555 738 4614 et
760 4543 937 4614 civitatem
956 4559 1107 4616 vestram
1125 4547 1248 4638 singu·
1300 4549 1592 4642 tranquillitatem
1624 4554 1661 4624 in
1695 4558 1828 4648 oppido
1863 4574 1983 4632 nostro
2015 4562 2165 4632 suturam
2193 4562 2258 4618 ‘⁵³1²’

254 4649 322 4718 lari
345 4649 464 4720 studio
489 4645 596 4718 colui.
646 4639 699 4715 Ac
721 4669 817 4715 nunc
840 4645 879 4716 in
896 4658 994 4720 tanto
1011 4649 1177 4720 odiorum
1191 4650 1247 4719 in·
1298 4673 1403 4741 quam
1427 4649 1689 4728 illustrissimus
1704 4657 1872 4754 Princeps
1888 4661 1978 4732 tueri
1994 4664 2127 4742 studet,
2155 4675 2190 4724 ιθ
2205 4639 2257 4712 ’ΜῙ

254 4749 381 4820 cendio
394 4749 548 4818 maxime'
559 4747 678 4832 velim,
701 4761 735 4818 te
750 4759 791 4818 et-
801 4748 987 4842 plerosque
1001 4750 1153 4841 collegas
1168 4764 1247 4820 tuos
1298 4754 1456 4842 corporis
1482 4757 1658 4846 periculo,
1689 4773 1724 4831 et
1747 4777 1880 4849 vestra,
1901 4779 1935 4835 et
1950 4765 2101 4836 aliorum
2115 4753 2256 4828 honeste

255 4867 291 4924 et
313 4866 492 4922 senatores
507 4848 645 4922 ludices
670 4871 744 4920 esse
766 4862 966 4920 nostrarum
984 4851 1246 4922 controversia·
1298 4875 1376 4922 rum
1399 4849 1587 4929 bominum
1612 4861 1704 4932 tilios
1727 4863 1915 4937 defendere
1937 4891 2010 4938 non
2028 4885 2161 4946 recuso,
2185 4847 2256 4922 πῖθ’

255 4978 347 5027 ιιιιιι.
403 4949 537 5023 Extant
561 4975 637 5022 mea
654 4951 802 5044 scripta,
833 4951 1024 5044 inquibus
1048 4977 1124 5024 non
1147 4955 1245 5024 volui

254 5055 510 5145 gignere'nova
530 5055 712 5144 dogmata,
745 5055 806 5122 sed
828 5052 1023 5143 dispersam
1043 5055 1244 5126 doctrinam

255 5163 294 5228 iu
308 5180 433 5250 magna
449 5156 617 5227 varietate
631 5153 933 5248 disputationum,
956 5155 1123 5244 breviter,
1149 5171 1189 5229 ut
1206 5158 1244 5228 in
1330 5153 1356 5221 ¹)
1378 5151 1459 5208 Pace.
1477 5163 1548 5206 cum.

256 5255 375 5332 schola
399 5259 474 5329 fieri
493 5281 629 5330 necesse
644 5271 713 5339 est,
737 5255 922 5344 colligere,
949 5269 982 5326 et
999 5256 1100 5350 quasi
1115 5281 1244 5354 σωμα-
1326 5239 1359 5377 ἔ)
1375 5243 1458 5375 1¹:²⁰⁰·
1470 5239 1650 5306 s⁰¹'⁶“''‘'¹'·

252 5365 425 5436 ronocsiv.
478 5360 591 5444 Haec,
617 5361 716 5428 mita
735 5359 868 5442 dicam,
891 5359 1190 5443 aediliciitorma,
1212 5363 1243 5433 si
1348 5335 1355 5385 ³
1399 5341 1457 5378 ‘⁰⁶‘
1476 5331 1548 5378 ’Μ’

710 5463 718 5477 ,
750 5460 759 5476 ,
802 5459 844 5477 ,,
903 5459 912 5477 ,
1326 5410 1354 5476 4)
1374 5405 1569 5474 statuane
1585 5411 1680 5480 apogr.
1699 5412 1868 5466 lacerarem.

254 5487 327 5536 non
353 5465 485 5557 placet,
520 5475 684 5533 extruant
709 5459 990 5550 sarmacialsam,
1020 5474 1054 5536 et
1070 5462 1117 5536 sit
1132 5461 1242 5538 ludex
1326 5489 1703 5562 ⁵)Bibt.1).osemcerua.

259 3270 473 3350 Reverendo
496 3271 592 3355 ciro,
619 3270 822 3344 eruditione
840 3281 872 3342 ct
889 3272 1018 3345 virtute
1031 3271 1253 3371 praestanti,

260 3375 386 3452 Paul
393 3405 414 3450 o
435 3375 491 3450 ob
515 3373 557 3445 E
564 3375 580 3446 i
587 3385 708 3460 taen,
735 3373 898 3446 Ductori
909 3369 1158 3472 Theologiae,
1181 3401 1253 3470 gu-

260 3479 435 3554 bernanti
455 3476 664 3552 Ecclesiam
687 3473 769 3548 Dei
795 3477 835 3548 in
856 3474 998 3574 inclyta
1023 3477 1110 3550 urbs
1129 3475 1253 3549 Ham-

499 3579 639 3678 burga,
662 3578 792 3680 fratri
805 3604 874 3670 sno
888 3579 1017 3657 corias.

1304 5044 1518 5059 m*-
