4690 6206
205 337 283 422 97⁶
691 409 703 420 ἢ
760 312 1215 428 Ιγήηετοιηινω
1267 314 1502 398 uranus
1556 315 1692 398 raso.
2180 317 2255 396 ors
2311 322 2312 344 ¹

209 521 262 618 pii
282 531 318 588 et
339 508 471 584 eruditi
492 504 735 586 testabuntur,
760 497 827 570 nos
850 519 934 568 vera
958 507 994 566 et
1015 491 1118 566 utilia
1133 483 1204 562 Ec·
1255 505 1413 579 coetum,
1435 507 1608 588 quantum
1625 494 1701 565 lieri
1716 507 1842 588 potest.
1892 493 1989 566 Haec
2012 494 2049 564 in
2066 488 2127 564 his
2144 495 2252 564 tanei,

211 623 337 698 clesiae
361 613 533 686 docuisse.
586 605 663 698 lpse
687 603 877 696 gloriatur,
911 621 947 668 se
971 599 1087 686 legere
1109 607 1205 664 vete·
1255 596 1409 666 miseriis
1431 597 1559 688 cogito.
1617 595 1671 668 De
1692 595 1873 670 Chronico
1903 599 2028 668 libello
2054 619 2134 666 non
2167 597 2252 668 fib„

213 750 290 810 res,
321 741 410 815 quos
433 715 463 784 si
486 713 665 794 intuetur,
699 707 832 800 pudere
858 727 939 773 eum
962 701 1133 782 debebat,
1165 719 1202 767 se
1256 699 1428 786 scribere,
1462 701 1643 794 quianon
1668 702 2002 772 ratiocinormead
2030 700 2113 768 illas
2130 723 2252 768 recen-

213 826 403 902 defendere
428 813 707 910 propositiones,
733 831 820 902 quas
841 807 870 876 si
892 804 949 874 illi
976 800 1205 880 audivissent,
1257 803 1366 872 tiores
1391 795 1559 874 historias
1585 817 1840 894 perventurum
1873 825 1957 873 esse.
2013 799 2147 872 Donec
2175 802 2253 872 vivo

172 915 365 1004 *execrati
390 932 516 992 essent
570 913 641 986 Sed
666 912 802 984 desino.
855 907 1014 978 Tantum
1042 899 1111 972 hoe
1137 903 1201 972 ad·
1257 906 1513 976 adolescentiae
1530 907 1683 998 proponi
1699 907 1830 978 curabo
1846 929 1904 975 res
1927 905 2046 977 utiles.
2103 899 2157 972 Et
2173 898 2254 972 haec

217 1039 317 1106 dam:
343 1026 446 1096 valde
463 1021 567 1090 doleo
584 1031 620 1087 et
633 1029 808 1086 extremae
832 1035 871 1080 ac
888 1009 1022 1080 delirae
1045 1018 1204 1076 senectae
1259 1007 1332 1098 ipsa
1343 1003 1593 1107 χρονολογικά
1611 1023 1749 1100 repeto,
1771 1021 1810 1080 ut
1825 1008 1975 1079 invitem
1993 1007 2119 1098 plures
2137 1007 2183 1074 ad
2207 1007 2253 1074 le-
2315 1073 2316 1078 ,

215 1131 394 1208 Ecclesiae
416 1127 486 1195 fata
511 1121 677 1211 deploro,
710 1141 750 1186 ac
774 1115 888 1184 filium
912 1105 1028 1206 Der)
1051 1133 1134 1192 oro,
1165 1121 1206 1178 ut
1258 1113 1389 1198 gendas
1414 1124 1551 1180 veteres
1575 1105 1754 1185 historias.
1813 1109 1904 1180 Nam
1930 1133 2064 1214 nopum
2100 1121 2143 1176 et
2167 1108 2254 1178 inte-

215 1259 283 1310 nos
296 1237 420 1305 doceat
441 1251 479 1296 ac
495 1225 687 1316 gubernet,
713 1233 746 1288 et
760 1218 885 1300 faciat,
910 1228 951 1286 ut
965 1211 1070 1282 multi
1092 1233 1205 1279 unum
1259 1235 1360 1300 grum
1379 1237 1469 1303 opus
1482 1215 1651 1299 condere,
1665 1238 1740 1282 non
1757 1227 1808 1282 est
1824 1237 1983 1284 mearum
2000 1211 2154 1282 virium.
2183 1209 2253 1282 Scis
2316 1241 2317 1248 ,

218 1339 357 1428 inipso
382 1333 510 1410 simus,
538 1339 573 1396 et
597 1347 663 1396 nos
688 1333 846 1414 protegat
863 1331 983 1387 contra
1000 1313 1206 1384 Pontificius
1260 1313 1452 1404 sapientiae
1477 1330 1514 1386 et
1538 1316 1760 1409 eloquentiae
1784 1339 1857 1384 non
1880 1315 2069 1384 mediocri,
2097 1335 2180 1382 esse
2205 1315 2253 1380 γεΙ

217 1461 252 1516 et
274 1441 364 1512 alios
388 1427 573 1524 sophistas.
631 1425 704 1496 Nec
726 1448 810 1492 vero
836 1421 1057 1500 dubitemus,
1093 1415 1206 1484 filium
1260 1417 1421 1506 exiguam
1436 1412 1622 1488 historiam
1638 1419 1812 1502 scribere,
1836 1417 1922 1510 quid
1938 1419 1983 1485 de
2000 1417 2061 1484 illa
2082 1416 2252 1507 amplitu-

217 1544 287 1620 Dei
302 1551 522 1613 servaturum
540 1553 613 1600 esse
629 1551 728 1596 suam
741 1523 936 1595 Ecclesiam
957 1535 991 1590 et
1010 1541 1076 1588 nos
1093 1518 1132 1584 in
1156 1540 1208 1600 ea,
1260 1518 1345 1588 dine
1367 1519 1524 1610 integrae
1549 1515 1735 1605 historiae,
1770 1520 1886 1615 qualis
1907 1531 1960 1604 est
1979 1511 2163 1612 Polybir',
2188 1543 2250 1586 non

219 1648 282 1744 qui
297 1641 479 1713 veritatem
497 1637 573 1704 sine
589 1625 780 1722 sophistica
794 1629 970 1695 docemus.
1023 1619 1087 1690 lsti
1104 1641 1207 1710 prae·
1259 1622 1455 1691 multorum
1478 1647 1654 1692 annorum
1678 1624 1833 1712 cogitare
1860 1621 2074 1712 possumus?
2105 1623 2169 1690 sed
2194 1615 2247 1688 hoc

219 1748 416 1838 stigiatores
429 1739 497 1808 sibi
513 1747 717 1829 proponant
732 1731 865 1799 dictum
883 1723 1081 1796 Siracidae':
1108 1713 1209 1792 ἐστὶν
1261 1724 1399 1796 omitto.
1440 1721 1538 1794 Tuas
1554 1726 1674 1795 literas
1692 1724 1824 1816 llagito.
1862 1721 1961 1794 Bene
1977 1724 2070 1795 vale.
2117 1723 2176 1796 18.
2188 1721 2244 1792 No

220 1849 240 1925 ci
256 1838 501 1945 σοφιζόμενος
521 1840 560 1911 ἐν
575 1829 697 1934 λόγοις
710 1822 882 1928 μισητός,
912 1824 982 1900 οὐκ
1003 1817 1122 1916 ἐδόθη
1138 1819 1209 1893 αὖ·
1261 1826 1431 1896 vembris.

219 1958 274 2050 τῷ
292 1944 395 2044 παρὰ
410 1937 545 2038 κυρίου
558 1931 679 2032 χάρις.
732 1933 932 2006 Scriberem
948 1929 1067 2020 plura,
1088 1927 1209 1996 sinon

221 2056 301 2128 aliis
321 2047 473 2140 negotiis
499 2041 710 2133 impedirer,
744 2050 778 2106 et
798 2034 866 2104 tibi
891 2034 930 2100 in
950 2054 1052 2100 causa
1075 2028 1210 2120 optima
1262 2087 2226 2100 m

221 2181 296 2228 uon
319 2165 371 2224 est
391 2170 481 2240 opus
511 2157 632 2214 nostra
663 2137 915 2230 disputatione.
972 2131 1042 2201 Hic
1066 2127 1209 2199 verissi-
2321 2156 2322 2166 ,

220 2281 321 2330 mum
343 2267 395 2324 est
416 2250 507 2320 illud
528 2244 774 2316 Pindaricum:
817 2231 1016 2328 cddvvpbe
1037 2231 1073 2314 ἐς
1096 2227 1210 2304 δίκαν
1264 2279 1318 2352 No
1346 2281 1449 2354 687⁰
2178 2287 2201 2350 N

222 2356 308 2457 τρία
325 2355 412 2429 ἔπεα
428 2345 667 2446 ὃιαρκέσειῖ),
719 2342 855 2412 Tribus
870 2338 988 2408 verbis
1010 2351 1043 2406 et
1065 2333 1212 2405 refutari
1272 2377 1475 2413 Μ
1921 2409 1946 2429 ,ι
2119 2299 2240 2412 U·
2322 2338 2323 2384 r

221 2455 613 2535 furorAntinomorum
630 2464 663 2520 et
676 2447 730 2520 tui
741 2443 994 2533 Autagonistae
1010 2451 1134 2530 potest.
1167 2433 1211 2504 ln
1743 2502 1752 2520 ο
1896 2432 1915 2467 .·
1966 2502 1973 2517 ι

222 2565 378 2638 Roman.
409 2557 579 2647 scripturn
611 2566 679 2621 est:
713 2549 891 2619 debitores
912 2561 1045 2614 sumus.
1104 2534 1213 2610 Chri·
1536 2499 1603 2588 Ῑθ.
1642 2493 1983 2611 Cltrtsdoporsks.

225 2681 299 2738 stus
314 2661 449 2755 inquit:
477 2658 572 2750 qnod
589 2655 777 2724 debuimus
800 2647 958 2719 fecimus.
1011 2643 1117 2714 ltem:
1144 2641 1214 2708 mi·
1370 2676 1456 2748 Epi„
1476 2675 1524 2732 fib·
1539 2675 1572 2734 v.
1591 2695 1618 2746 p.
1634 2677 1684 2730 511
1699 2697 1741 2748 sq.

224 2771 288 2840 lita
303 2762 435 2836 bonam
448 2759 635 2838 militiam,
660 2751 794 2825 habens
809 2751 914 2819 fidem
931 2763 965 2818 et
979 2747 1111 2816 bonam
1127 2767 1215 2813 con-

224 2869 422 2942 scientiam.
473 2861 544 2934 Sed
569 2860 637 2930 tibi
658 2872 764 2930 notae
787 2867 871 2924 sunt
894 2865 1036 2922 nostrae
1061 2847 1215 2937 explica·
1318 2847 1539 2926 Iohanni
1564 2841 1943 2950 Ch75510p075p;‚
1976 2845 2200 2926 Comum

224 2976 356 3046 tiones:
380 2969 461 3036 ideo
476 2959 571 3032 nihil
589 2963 694 3032 addo.
745 2953 853 3026 Mitto
871 2950 967 3024 hunc
983 2949 1213 3021 tabellarium
1703 2951 1838 3050 Regio·

125 3123 131 3140 ·
225 3099 305 3146 meo
329 3083 493 3157 sumptu,
529 3078 564 3136 et
586 3078 668 3158 peto
687 3075 728 3133 ut
749 3058 932 3130 rescribas.
994 3051 1120 3124 Mense
1142 3049 1218 3120 No-
1688 3059 1694 3067 ·

225 3176 384 3260 vembri,
412 3165 524 3242 1559.

1271 3091 1458 3180 Generose
1480 3101 1656 3187 Domine,
1682 3117 1876 3199 utrumque
1897 3117 1932 3174 et
1955 3103 2088 3175 Patriae
2107 3113 2237 3170 nostrae

1271 3227 1306 3281 et
1318 3221 1454 3277 vestrae
1470 3205 1609 3276 Patriae
1623 3219 1725 3298 opto,
1740 3219 1781 3276 ut
1798 3221 1834 3278 et
1852 3205 1982 3277 Politia
1997 3209 2041 3278 sit
2060 3202 2245 3296 tranquilla,

1273 3325 1307 3382 et
1321 3333 1460 3401 semper
1474 3307 1513 3376 iu
1527 3322 1678 3404 utraque
1700 3310 1845 3400 regione
1862 3307 1977 3379 Filius
1992 3309 2061 3380 Dei
2084 3321 2248 3378 aeternam

1273 3411 1470 3484 Ecclesiam
1492 3411 1652 3501 colligat,
1687 3435 1727 3481 ar
1747 3413 1868 3498 faciat,
1904 3425 1947 3482 ut
1972 3435 2056 3482 vere
2089 3407 2250 3480 nnumin

1274 3517 1352 3607 ipso
1368 3514 1490 3584 simus.
1530 3511 1589 3584 Ad
1607 3509 1693 3584 haec
1709 3515 1802 3584 bona
1819 3527 1913 3584 certe
1930 3515 2130 3584 necessaria
2153 3523 2201 3580 est
2218 3510 2252 3576 li-

1275 3633 1429 3690 terarum
1448 3617 1621 3690 doctrina.
1662 3614 1783 3705 Quare
1797 3612 1873 3687 Deo
1889 3616 1999 3708 pietas
2013 3631 2074 3688 tua
2092 3629 2191 3705 grata
2207 3625 2253 3689 est,

264 3734 297 3782 0.
417 3759 426 3780 .
1106 3749 1113 3762 ·
1160 3723 1209 3766 ⁰V·
1475 3719 1484 3736 '
1625 3719 1634 3736 ⁸
2137 3719 2148 3736 ‘
2242 3757 2255 3767 .

227 3703 413 3834 Q
1057 3709 1101 3770 ¹³
1129 3699 1158 3764 Ν
1276 3719 1372 3814 quod
1390 3720 1506 3788 studra
1522 3713 1910 3790 doctnnarurtornare
1924 3721 2055 3799 studes,
2074 3717 2149 3788 Der
2167 3719 2241 3786 bene

881 3902 889 3919 ι
1276 3823 1356 3892 licio
1377 3821 1472 3891 filius
1497 3835 1579 3892 tuus
1599 3835 1634 3891 et
1661 3821 1738 3890 eius
1752 3821 2012 3892 commilitones
2028 3836 2129 3892 recte
2144 3821 2248 3889 valent.

531 3903 579 3992 C·
611 3901 928 3988 Ηθνθθῦαθῇῑθ·
1278 3938 1312 3995 et
1338 3913 1499 4008 discunt,
1526 3947 1565 3994 ac
1589 3920 1705 3994 Deum
1728 3947 1855 4015 precor
1876 3947 1956 3994 cum
1975 3925 2082 4015 ipsis,
2112 3937 2157 3994 ut
2183 3931 2254 3993 teet

300 4087 385 4160 Epist.
399 4085 445 4140 tib.
453 4079 489 4137 11.
507 4077 780 4154 p.895.(e‹t.1.0nt.
799 4079 846 4134 tib.
859 4077 893 4132 tt.
911 4096 953 4150 ep.
969 4075 1051 4146 402),
1279 4051 1340 4097 eos
1362 4039 1477 4111 servet
1507 4025 1715 4098 incolumes.
1775 4023 1902 4097 Studia
1924 4021 2031 4096 huius
2057 4021 2258 4097 Academiae

1278 4129 1442 4220 cognosci
1461 4128 1656 4218 exscriptis
1673 4129 1804 4198 nostris
1821 4142 1987 4220 possunt,
2002 4131 2047 4198 de
2064 4131 2203 4222 quibus
2218 4147 2261 4193 sa

398 4241 454 4315 D.
479 4233 701 4316 Conrado
723 4233 766 4305 H
772 4229 1042 4307 areshaccti
1051 4259 1071 4305 o
1278 4231 1461 4326 pientibus
1476 4243 1510 4300 et
1527 4229 1596 4321 piis
1612 4229 1783 4300 iudicium
1802 4230 1956 4301 libenter
1971 4231 2159 4322 permitto.

917 3255 1118 3354 Philippus.

227 3500 1221 3549 „„.‘...............----—-----—-——-——-

235 4383 285 4471 S.
311 4397 360 4472 D.
420 4393 582 4464 Tuarum
605 4391 790 4461 literarum
814 4389 987 4472 brevitas,
1022 4402 1064 4459 ut
1084 4410 1147 4479 ego
1169 4389 1226 4460 in-

232 4501 333 4584 dico,
359 4496 568 4588 significatio
586 4508 637 4564 est
652 4491 807 4582 ingentis
822 4492 1018 4561 moestitiae
1033 4504 1133 4575 tuae,
1156 4517 1226 4585 qua

232 4617 268 4674 te
285 4601 389 4673 adfici
403 4622 478 4669 non
493 4597 638 4678 dubito,
655 4607 810 4684 =propter
834 4589 1023 4664 horribiles
1046 4595 1228 4664 confusio·

232 4727 298 4774 nes
313 4717 348 4773 et
363 4699 543 4777 Ecclesiae
559 4713 596 4771 et
612 4695 838 4766 Politiarum.
869 4692 1084 4771 ,Excrucior
1110 4709 1144 4764 et
1161 4719 1225 4785 ego

233 4805 413 4878 similibus
440 4801 643 4884 doloribus,
673 4823 714 4868 ac
747 4798 956 4890 praecipue,
988 4797 1072 4888 quia
1106 4819 1227 4866 rerum

233 4907 468 4980 maximarum
485 4903 755 4996 explicationem
781 4897 949 4992 impediri
968 4899 1089 4982 video,
1114 4901 1159 4969 ab

235 5011 281 5080 lis
302 5009 388 5100 ipsis
410 5007 473 5102 qui
494 5007 639 5076 semidei
663 4999 789 5073 haberi
810 5002 947 5092 volunt.
1001 4997 1072 5069 Sed
1087 5001 1229 5069 studea-

236 5135 337 5192 mus,
362 5107 447 5179 Deo'
462 5111 624 5192 iuvante,
650 5103 827 5175 moderari
851 5103 971 5194 siqua
996 5114 1117 5170 nostra
1144 5123 1229 5170 voce

237 5213 346 5288 leniri
368 5225 535 5306 possunt,
561 5226 595 5281 et
616 5211 798 5278 foveamus
821 5204 991 5274 miserum
1013 5215 1048 5272 et
1071 5203 1228 5272 saucium

1381 4447 1437 4519 De
1458 4447 1612 4538 publicis
1633 4449 1785 4539 negotiis
1806 4443 1900 4518 nihil
1923 4443 2039 4520 habeo
2058 4443 2268 4548 ἂξιόλογονι

1281 4566 1315 4623 et
1330 4551 1519 4644 praecipua
1534 4551 1602 4621 tibi
1616 4565 1700 4622 nota
1719 4575 1793 4621 esse
1815 4552 1900 4622 scio.
1954 4549 1997 4620 ln
2015 4547 2142 4622 Gallia
2161 4567 2196 4624 et
2210 4549 2270 4620 lli-

1281 4654 1405 4746 spania
1421 4665 1602 4723 exercetur
1617 4655 1760 4724 saevitia
1783 4677 1864 4745 erga
1881 4677 1958 4739 eos,
1985 4653 2049 4747 qui
2072 4657 2271 4728 doctrinam

1281 4759 1325 4826 de
1341 4780 1422 4826 vera
1438 4743 1664 4827 invocatione
1677 4753 1746 4828 Dei
1770 4757 2043 4848 amplectuntur.
2100 4753 2274 4842 Germani

1183 4897 1229 4965 il·
1282 4871 1316 4928 et
1329 4857 1458 4930 Poloni
1472 4854 1722 4930 distrahuntur
1742 4857 1954 4950 opinionum
1971 4857 2147 4930 dissidiis.
2202 4855 2275 4927 Oro

1279 4971 1397 5031 autem
1419 4959 1551 5030 Filium
1565 4957 1654 5048 Dei,
1678 4974 1719 5033 ut
1741 4983 1808 5032 nos
1823 4961 2008 5052 gubernet.
2058 4959 2162 5034 Bene
2190 4961 2278 5031 vale.

1285 5063 1344 5134 19.
1361 5061 1451 5135 Nov.
1470 5057 1580 5137 1559.

238 5365 451 5388 ..ἐι-...ἤ

274 5455 302 5522 1)
322 5452 390 5510 cod.
407 5451 492 5506 Paris.
510 5451 612 5504 Deum.

278 5541 308 5610 2)
331 5539 410 5595 Pind.
430 5537 510 5592 Nem.
528 5533 554 5601 7,
571 5535 614 5586 71.
