4754 6184
209 298 291 375 535
772 295 1210 376 EPISTOLARUM
1260 295 1368 374 ΗΒ.
1419 293 1706 376 x111.=·1658.
2190 303 2268 378 536

216 499 314 548 resse
342 493 394 547 est
424 475 517 547 scire
546 467 673 547 serie'm
699 447 975 565 patefactionum
1003 474 1219 558 divinarum,
1271 469 1512 541 consolatione
1527 473 1645 544 erexit
1666 495 1746 558 eos,
1774 467 1835 568 qui
1860 461 1903 546 ad
1921 499 2039 547 veram
2064 478 2267 550 invocatio·

217 577 327 670 lessis
343 593 380 650 et
395 577 650 650 Promissionis
673 578 815 666 gratiae.
866 575 1014 646 Necesse
1032 591 1084 646 est
1100 575 1218 646 consi·
1270 597 1352 642 nem
1374 572 1525 644 redituri
1541 587 1652 644 erant.
1702 573 1793 646 Eius
1810 577 1934 648 iudicii
1954 581 2164 652 memoriam
2187 603 2269 672 gra-

219 681 358 768 derari,
383 705 476 776 quae
492 695 528 751 et
543 681 610 752 uhi
628 703 767 768 semper
781 703 861 746 vera
880 674 1035 750 Ecclesia
1052 677 1120 748 Dei
1141 679 1219 748 fue-
1271 689 1342 744 tam
1365 697 1440 744 esse
1464 675 1532 765 piis
1562 691 1686 747 contra
1707 671 1853 750 Novati
1879 682 2014 751 rabiem
2037 675 2268 754 manifestum

221 785 287 870 rit,
313 807 406 878 quae
425 783 534 853 fuerit
557 806 625 852 vox
647 804 750 850 verae
771 779 974 864 doctrinae,
1000 805 1107 873 quam
1130 775 1218 849 hor·
1272 792 1335 849 est.
1380 773 1513 846 Extant
1527 791 1561 847 et
1576 803 1658 848 vera
1675 780 1876 852 testimonia
1893 799 2016 855 eontra
2035 782 2271 870 Marcionem,

220 889 354 956 nudae
379 886 549 956 tenebrae
574 883 708 954 fuerint
731 895 765 952 et
779 883 852 952 sint
872 881 911 949 in
927 884 1077 951 maxima
1094 881 1219 952 multi·
1271 873 1502 948 Manichaeos
1526 893 1560 950 et
1579 877 1789 971 Pelagianos
1810 885 1922 972 edita,
1957 886 2151 982 inquibus
2174 889 2274 956 mul-

219 989 348 1058 tudine
370 981 579 1071 hominum‚
609 985 671 1078 qui
695 983 965 1054 discesserunta
987 1007 1071 1054 vero
1087 982 1162 1076 Deo
1186 997 1220 1054 et
1272 995 1347 1058 tutu
1366 979 1411 1050 ab
1425 977 1822 1060 Historia'adiuvam‘ur.

220 1113 240 1160 a
255 1115 337 1162 vera
353 1089 530 1174 doctrina,
554 1103 589 1159 et
603 1089 765 1157 furenter
778 1085 1023 1175 excogitarunt
1038 1109 1219 1156 commen·
1372 1077 1445 1151 Nee
1460 1095 1597 1152 tautum
1616 1087 1762 1174 prodest
1778 1088 1912 1171 videre,
1938 1089 2001 1158 ubi
2017 1103 2111 1160 reete
2127 1090 2272 1160 iudica-

221 1193 306 1266 ticia
320 1192 485 1264 numina.
1270 1195 1346 1252 tum
1362 1183 1418 1266 sit,
1438 1185 1498 1252 sed
1515 1183 1618 1253 etiam
1631 1187 1695 1257 ubi
1710 1187 2124 1283 veritasHypocritarum
2138 1193 2272 1262 factio-

326 1291 537 1365 Ostendunt
560 1291 666 1360 etiam
691 1287 872 1360 Historiae
892 1312 1079 1360 aerumnas
1093 1285 1217 1360 Eccle-
1269 1285 1377 1354 uibus
1401 1308 1565 1376 oppressa
1590 1287 1648 1358 sit.
1708 1285 1802 1378 Quia
1826 1291 2005 1364 interdum
2029 1288 2097 1364 hoe
2122 1319 2271 1388 quoque

221 1398 314 1480 siae,
339 1411 374 1466 et
395 1394 598 1466 testimonia
615 1391 835 1484 praesentiae
848 1389 916 1461 Dei
940 1391 978 1459 in
995 1393 1216 1462 liberationi·
1269 1385 1414 1470 accidit,
1448 1400 1506 1471 ut,
1539 1411 1620 1456 cum
1650 1389 1737 1460 falsa
1760 1393 1898 1464 decreta
1926 1396 2141 1478 factasunt,
2177 1421 2271 1489 quae

220 1499 302 1570 hus.
329 1495 383 1568 Ac
399 1498 577 1588 sapienter
588 1494 886 1564 accommodanda
899 1508 981 1564 sunt
998 1496 1156 1586 exempla
1172 1498 1216 1564 ad
1268 1485 1435 1559 Romano
1452 1487 1617 1560 Pontifici
1632 1491 1798 1564 tribuunt
1814 1517 1987 1566 summam
2003 1497 2270 1577 auctoritatem,

220 1601 374 1692 primam
403 1599 582 1681 tabulam,
618 1598 799 1688 quomodo
828 1595 1032 1665 tolerandae
1060 1597 1132 1668 sint
1158 1621 1216 1666 ae.
1269 1613 1343 1658 non
1358 1589 1474 1660 solum
1492 1590 1530 1658 iu
1547 1589 1722 1679 Ecclesia,
1748 1598 1807 1665 sed
1825 1597 1930 1666 etiam
1951 1597 1989 1666 in
2006 1600 2270 1670 transferendis

221 1725 390 1782 rumnae,
427 1715 461 1770 et
487 1701 668 1794 quomodo
693 1698 842 1788 petenda
872 1709 906 1766 et
932 1700 1145 1786 expectanda
1171 1701 1217 1770 sit
1268 1691 1427 1782 imperiis
1457 1693 1595 1762 mundi.
1648 1693 1736 1764 ltem
1766 1699 1811 1766 de
1836 1700 2045 1770 adoratione
2071 1695 2268 1771 hominnm

222 1801 400 1876 liberatio.
452 1801 602 1891 Semper
624 1812 717 1868 certa
737 1799 782 1869 sit
795 1821 875 1889 spes
896 1799 1019 1869 salutis
1041 1813 1216 1885 aeternae,
1268 1806 1510 1878 mortuorum,
1535 1796 1579 1862 de
1601 1791 1929 1888 circumgestattooe
1952 1803 2053 1893 panis
2075 1803 2115 1872 iu
2133 1827 2269 1896 pompa

221 1905 361 1977 etiamsi
384 1905 424 1974 in
446 1897 512 1973 hac
532 1901 608 1971 vita
632 1901 774 1970 mortali
798 1897 934 1990 magnis
957 1901 1216 1974 calamitatibus
1268 1891 1485 1998 Persicastle
1502 1895 1682 1966 Sflssflfissl⁰
1698 1901 1827 1985 Vffllls
1846 1904 1892 1972 de
1908 1899 2109 1975 Cssellbttlu·
2166 1903 2269 1976 Haec

222 2007 472 2100 opprimimur.
517 2001 733 2092 Mitigantur
747 2015 865 2071 tamen
881 1997 948 2070 hae
965 2027 1107 2098 quoque
1122 2019 1216 2077 recte
1268 1997 1406 2067 decreta
1427 1996 1492 2067 ²1⁸5
1516 1997 1653 2090 aliquot
1675 2002 1875 2073 seculorum
1902 2004 2031 2096 spaciis
2054 2007 2271 2079 confirmata

220 2108 484 2191 invocantibus,
508 2103 704 2188 utDavidi,
731 2098 906 2195 losaphat,
928 2101 1113 2192 Ezechiae,
1134 2106 1215 2178 Ma·
1265 2112 1368 2184 sunl,
1392 2095 1449 2188 (11¹
1469 2111 1613 2191 propter
1637 2105 1808 2192 temporis
1830 2105 2091 2195 longitudinem
2112 2109 2155 2179 lit
2170 2110 2265 2180 illud
2367 2175 2368 2188 ,

222 2233 357 2290 nassae,
383 2223 419 2282 et
431 2209 511 2278 aliis
524 2206 866 2290 innumerabilibus,
890 2229 1043 2299 quorum
1057 2211 1214 2300 exempla
1267 2199 1537 2285 Simonideum,
1563 2192 1655 2282 δόξα
1669 2197 1930 2300 (fraliusands
1953 2201 2177 2306 ἀλήθειαν),
2216 2226 2264 2283 ta-
2367 2217 2368 2288 i

222 2326 426 2402 congruunt
449 2313 491 2382 ad
517 2308 675 2398 regulas:
706 2305 837 2392 lnvoca
854 2331 911 2377 me
928 2309 967 2376 in
981 2309 1040 2379 die
1063 2311 1215 2382 tributa.
1266 2326 1350 2371 men
1365 2296 1645 2394 deprehenditur
1661 2307 1796 2376 vanitas
1818 2331 1894 2378 non
1915 2311 2032 2380 solum
2056 2335 2099 2382 ex
2122 2315 2263 2406 scriptis

222 2415 352 2500 titinio,
374 2427 409 2484 et
425 2411 574 2504 eripiam
590 2423 636 2483 te.
679 2407 784 2480 ltem:
811 2406 1073 2482 convertimini
1087 2414 1131 2504 att
1147 2437 1215 2499 me,
1267 2399 1490 2494 Prophetiris
1509 2415 1544 2473 et
1560 2400 1795 2496 Apostolieis,
1820 2413 1881 2479 sed
1898 2411 2004 2482 etiam
2021 2437 2062 2484 ex
2085 2437 2261 2486 consensu
2367 2413 2368 2448 ³

223 2532 258 2589 et
273 2541 337 2607 ego
352 2527 540 2586 convertar
553 2513 598 2582 ad
616 2533 690 2585 vos.
740 2509 781 2582 st
795 2510 929 2582 fuerint
942 2529 1083 2603 peccata
1101 2529 1214 2587 vestra
1269 2505 1428 2598 puriori*
1452 2505 1693 2599 antiquitati&
1719 2533 1826 2602 quem
1849 2506 2018 2584 historiae
2038 2515 2174 2606 dignae
2198 2519 2263 2587 fide

215 2635 264 2691 ut
284 2619 486 2702 coccinum,
513 2628 548 2685 et
571 2627 613 2684 ut
634 2613 867 2694 vermiculus,
899 2615 998 2685 eritis
1012 2611 1158 2687 candidi
1174 2632 1215 2690 ut
1268 2608 1461 2679 ostendum
1476 2607 1521 2676 ab
1540 2603 1606 2677 hat
1623 2611 1756 2681 recenti
1773 2615 1878 2684 turba
1893 2612 2108 2688 Pontificum
2123 2631 2161 2688 et
2180 2619 2261 2689 Mo-

221 2722 297 2792 nix.
346 2717 397 2790 Ut
415 2717 512 2786 enim
528 2714 698 2806 exemplis
712 2730 805 2786 recte
823 2715 876 2786 uti
890 2717 1083 2809 possimus,
1107 2719 1213 2791 simul
1267 2706 1464 2780 ssath⁰rum
1481 2709 1678 2790 dissentire.
1729 2710 1878 2807 Semper
1896 2711 2013 2788 autem
2036 2719 2074 2788 in
2091 2723 2260 2814 exemplis

224 2837 257 2894 et
270 2821 409 2912 regulas
422 2831 561 2910 oportet
574 2831 677 2887 notas
693 2839 776 2890 esse.
1095 2835 1104 2852 ·
1266 2812 1494 2882 anteferenda
1507 2825 1591 2881 sunt
1606 2833 1657 2896 ea,
1683 2836 1773 2905 quae
1789 2839 1869 2886 cum
1887 2815 2018 2890 Norma
2032 2819 2161 2894 iudicii
2178 2847 2258 2894 coa-

312 2921 388 2993 lam
402 2923 446 2990 de
461 2919 711 2990 controversiis
726 2915 905 2989 Ecclesiae
918 2908 1093 3014 quahtum
1107 2924 1215 2995 refert
1267 2929 1417 3004 mount,
1459 2913 1641 2998 videlicet,
1681 2938 1762 2984 cum
1793 2919 1934 3010 scriptis
1967 2917 2195 3014 Prophetieis
2223 2939 2253 2994 et
2367 2939 2368 2944 ’

223 3027 313 3099 scire
329 3037 464 3117 peteres
480 3021 774 3106 diiudicationes,
798 3020 862 3114 qui
878 3022 1013 3092 fuerint
1034 3036 1138 3094 testes
1153 3049 1214 3096 ve·
1268 3013 1498 3108 Apotwlitlt,
1524 3015 1619 3086 iusta
1632 3016 1783 3089 ditium:
1805 3017 1849 3091 Si
1864 3021 1946 3115 quis
1966 3023 2078 3095 alium
2095 3023 2244 3116 Evange-

223 3152 285 3198 rae
317 3124 531 3204 sententiae,
582 3145 673 3214 quae
703 3123 839 3194 fuerint
871 3117 1028 3194 hostium
1062 3127 1214 3216 agmina.
1267 3117 1356 3188 lium
1371 3119 1488 3202 dmi,
1512 3112 1770 3190 auitlhfflltssll·

224 3227 342 3318 Quam
368 3227 474 3318 dulce
495 3237 548 3294 cst
566 3224 690 3293 ‘videre
711 3247 922 3297 consensum
944 3221 1099 3313 lrenaei,
1121 3227 1214 3300 Gre-
1365 3216 1646 3290 Considerentur
1672 3235 1791 3292 autem
1821 3225 2009 3318 praecipue
2038 3225 2078 3298 in
2110 3223 2251 3300 historia

223 3329 317 3422 gorii
346 3325 649 3398 Neocaesariensis
681 3338 715 3394 et
741 3325 912 3395 similium
942 3341 1102 3398 veterum
1130 3326 1214 3426 περὶ
1266 3317 1462 3405 Ecclesiae,
1494 3322 1627 3392 semina
1650 3323 1837 3418 utriusque
1862 3324 2139 3418 lmperiihuius
2159 3355 2254 3402 sene·

222 3423 379 3530 Adyov,
404 3429 467 3524 qui
481 3441 742 3498 antecesserunt
756 3425 1139 3522 SynodumNicenam,
1165 3435 1213 3502 si.
1266 3441 1341 3493 ctae
1358 3424 1496 3507 nsandi,
1521 3417 1772 3495 Mammam·
1784 3419 2025 3521 etPootsficis‘.
2069 3429 2259 3527 Utrumpre

223 3548 283 3606 out
301 3547 335 3602 et
345 3527 525 3624 Ignotius
538 3527 670 3612 scribit,
695 3551 797 3620 saepe
812 3543 974 3619 repetens
987 3526 1074 3603 haec
1088 3535 1212 3606 verba:
1265 3539 1383 3596 ortum
1397 3540 1449 3596 est
1462 3551 1503 3595 ex
1518 3527 1675 3596 dissidiis
1689 3530 1733 3596 de
1746 3529 1919 3606 doctrina.
1949 3529 2094 3604 Cumin
2105 3531 2260 3608 Oriente

183 3655 187 3662 ·
222 3629 314 3714 θεὸς
341 3628 450 3732 λόγος
476 3645 511 3702 et
531 3623 640 3728 λόγος
664 3623 863 3724 addendae,
900 3655 974 3702 non
997 3657 1107 3706 sonus
1130 3661 1212 3707 eva.
1265 3627 1474 3698 dilaceratae
1503 3641 1619 3697 essent
1647 3623 1826 3702 Ecclesiae
1853 3655 1929 3703 uou
1958 3647 2097 3705 tantum
2121 3635 2261 3708 Ariana

222 3759 380 3807 noscens.
425 3733 475 3805 Et
488 3725 706 3804 Alexander
720 3728 917 3824 Episcopus
934 3730 1211 3820 Alexandrinas,
1265 3745 1383 3822 peste,
1406 3729 1588 3800 sedetiam
1608 3727 1830 3805 Maniclraeis
1845 3736 1974 3806 etaliis
1991 3733 2202 3826 furoribus,
2228 3757 2263 3814 et

222 3838 288 3932 qui
305 3837 552 3907 refutationem
566 3832 646 3906 Arii
661 3835 801 3924 scripsit
815 3850 896 3906 ante
910 3833 1080 3906 Nicenam
1094 3839 1210 3934 Syna.
1263 3827 1350 3902 haee
1368 3833 1517 3902 varietas
1536 3834 1575 3900 in
1597 3831 1792 3905 multorum
1815 3837 1944 3908 animis
1961 3839 2209 3912 dubitationes
2226 3855 2264 3913 et

108 3931 110 3942 '
221 3943 331 4022 dum,
352 3937 552 4010 testimonia
575 3937 798 4026 superiorum
823 3949 1022 4028 temporum
1044 3957 1211 4022 recenset
1263 3935 1385 4004 editam
1401 3932 1584 4026 religionis
1596 3928 1821 4008 Christianae
1836 3953 1871 4010 et
1887 3941 2045 4014 nominis
2057 3936 2263 4014 Christiani

221 4054 257 4112 et
272 4042 367 4110 inter
383 4051 517 4109 caetera
536 4039 671 4128 iuquit:
697 4033 892 4134 ἡέναγχος
910 4038 1150 4114 ἐπαναστᾶσα
1163 4049 1210 4138 τῇ
1262 4039 1485 4116 accenderet,
1518 4050 1554 4105 et
1575 4034 1762 4128 disciplina
1785 4040 1896 4112 laxata
1922 4056 2029 4126 esset,
2060 4043 2166 4115 facile
2188 4047 2263 4117 im-
2367 4083 2368 4100 ι

222 4141 502 4234 hethaeorum}
539 4137 725 4232 εὐσεβείᾳ,
769 4135 1011 4227 διδασκαλία,
1054 4141 1210 4238 ἓβίωνος
1262 4140 1347 4231 pelli
1362 4132 1525 4207 immines
1542 4150 1753 4226 voluerunt,
1779 4154 1818 4210 ut
1834 4167 1967 4214 norum
1983 4146 2131 4234 dogma,
2156 4151 2261 4243 quod
2367 4169 2368 4188 ¹

223 4239 377 4317 ἐστὶκαῖ
392 4241 554 4336 ἀρτεμᾶ,
581 4237 644 4312 καὶ
667 4236 773 4333 ζῆλος
794 4246 863 4312 τοῦ
879 4239 976 4314 κατὰ
999 4240 1209 4340 ἀντιόχειαγ
1261 4241 1428 4331 obscuras
1444 4238 1701 4330 disputationes
1725 4243 1887 4326 tollebat,
1913 4259 1948 4318 et
1963 4258 2101 4318 tautum
2120 4250 2261 4341 plausi·
2367 4255 2368 4300 t

220 4341 367 4419 asotos
389 4347 459 4416 τοῦ
479 4339 719 4436 σαμοσατὲως
741 4335 891 4439 συνόδῳ
909 4341 972 4416 καὶ
993 4345 1111 4443 κρίσει
1131 4355 1208 4424 τῶν
1262 4342 1348 4412 bilia
1374 4335 1541 4410 humanis
1563 4340 1708 4413 iudiciis
1729 4349 1966 4438 proponebat,
1997 4350 2260 4441 amplecteren-

220 4444 442 4539 ἁπανταχοῦ
468 4439 679 4518 ἐπισκόπων
704 4442 1030 4540 ἅποκηρυχθένῑος
1057 4456 1122 4546 τῆς
1149 4453 1207 4525 ἐκ.
1262 4459 1335 4528 tur,
1362 4443 1567 4533 praesertim
1581 4467 1662 4514 cum
1678 4458 1713 4517 et
1727 4443 1922 4539 Imperium
1937 4447 2143 4522 Romanum
2160 4455 2260 4524 mul-

218 4553 379 4644 κλησίας.
436 4547 531 4617 Haec
548 4548 688 4630 omnia,
712 4547 740 4614 si
757 4571 827 4614 nou
847 4562 1004 4620 extarent
1026 4548 1207 4642 historiae,
1258 4558 1316 4616 tae
1332 4559 1453 4635 gentes
1469 4545 1539 4614 iam
1557 4559 1591 4616 et
1605 4543 1762 4618 odissent
1778 4563 1812 4621 et
1834 4565 2121 4638 contemnerent,
2146 4555 2259 4627 avide

218 4672 364 4744 prorsus
387 4649 505 4739 ignota
521 4663 653 4730 essent,
679 4672 719 4718 ar
743 4672 787 4717 ne
804 4643 870 4719 hoc
885 4653 1028 4742 «pridem
1048 4657 1207 4742 sciretur,
1258 4646 1487 4740 arripuerunt
1511 4647 1593 4720 illae
1614 4663 1734 4738 gentes
1756 4652 1891 4747 alioqui
1909 4668 1944 4724 et
1967 4654 2127 4726 curiosae
2143 4669 2180 4728 et
2200 4657 2258 4730 le-

217 4777 307 4848 quae
323 4753 423 4842 prior
440 4775 530 4844 qrrae
546 4749 720 4840 posterior
733 4751 779 4820 sit
803 4753 983 4837 doctrina,
1008 4760 1102 4847 quod
1119 4783 1206 4827 con·
1258 4773 1334 4832 ves,
1360 4746 1554 4846 Aegyptia,
1581 4749 1755 4837 Arabica,
1784 4752 1946 4848 Syriaca,
1971 4753 2163 4848 opiniones
2186 4783 2256 4850 po-

216 4856 364 4926 siderari
380 4877 520 4922 necesse
535 4866 604 4936 est,
636 4853 716 4944 quia
734 4876 806 4920 uon
832 4859 1129 4928 contemnendum
1155 4876 1206 4932 est
1258 4853 1416 4943 pulares,
1444 4867 1477 4923 et
1494 4867 1653 4923 autorem
1666 4848 1927 4927 Mahometum
1944 4853 2185 4931 armaverunt.
2367 4939 2368 4950 ἵ

214 4951 450 5027 Tertulliani
478 4955 630 5026 dictum:
668 4945 836 5024 Pramum
860 4953 1028 5055 quodque
1059 4959 1202 5031 verissi—
1358 4953 1550 5046 Praecipue
1576 4979 1661 5026 vero
1680 4957 1844 5053 potentio
1861 4953 2034 5030 Romani
2056 4954 2253 5052 Pontificio
2367 5015 2368 5018 ,

213 5061 311 5129 mum
329 5067 391 5132 est.
1256 5055 1384 5134 crevit,
1410 5081 1489 5125 cum
1506 5059 1644 5129 attracti
1660 5075 1742 5130 scrut
1761 5059 1886 5130 Franci
1912 5064 1949 5134 in
1968 5059 2123 5144 ltaliam,
2149 5069 2246 5157 queat
2367 5049 2368 5140 l

298 5160 388 5231 Cam
401 5152 582 5227 lttataa'as
598 5157 806 5228 seditionem
827 5157 863 5226 iu
882 5154 1033 5228 Ecclesia
1049 5155 1201 5230 allexan—
1255 5156 1356 5229 frebat
1370 5156 1588 5229 Graecorum
1604 5161 1699 5246 odio,
1725 5185 1796 5232 uon
1813 5165 1957 5256 quidem
1975 5163 2119 5238 iniusto.
2154 5163 2246 5238 Nau

211 5264 313 5332 clriua
350 5276 522 5340 comeret,
557 5265 600 5330 de
629 5262 734 5349 lapsis
771 5286 841 5329 nou
879 5262 1106 5351 recipiendis,
1138 5267 1200 5357 qui
1253 5272 1286 5328 et
1304 5259 1433 5331 iniusta
1450 5286 1572 5330 cortun
1593 5260 1740 5355 irnperio
1759 5277 1868 5350 ararat,
1895 5281 1929 5339 et
1945 5265 2037 5338 vires
2051 5290 2123 5338 uon
2143 5283 2244 5338 erant

209 5365 383 5454 supplica-s
413 5367 456 5432 ad
483 5359 675 5432 Ecclesiam
706 5365 822 5433 redire
853 5363 1034 5448 volebant,
1066 5359 1197 5436 Petrus
1253 5387 1352 5455 pares
1373 5363 1417 5432 iis
1434 5360 1630 5452 Ge-ntilms,
1656 5389 1746 5459 quae
1769 5365 1906 5436 ltaliam
1925 5370 2118 5440 vastabant.
2172 5373 2238 5439 Ser

204 5461 401 5561 Episcopus
434 5467 591 5558 carra-pla
619 5467 800 5536 vetustatis
829 5466 1009 5556 opposuit,
1047 5480 1082 5538 ct
1114 5480 1210 5543 vera'
1249 5483 1366 5541 tamen
1406 5465 1473 5533 alia
1513 5491 1614 5536 carisa
1655 5471 1937 5559 praetexebatur,
1982 5476 2241 5546 sscctssabantar
