4738 6186
95 357 169 434 su
526 283 534 302 ’
583 325 587 331 ’
677 343 1112 428 nrrsromnuu
1161 347 1272 427 mn.
1297 339 1402 432 xtra
1448 347 1585 430 asse.
2070 351 2148 430 aso

98 545 134 606 ct
153 530 223 604 iam
242 527 383 604 institui
405 525 655 622 responsiones
669 527 715 598 ad
729 523 890 617 singulos
910 521 1091 609 articulos,
1144 537 1179 597 et
1197 526 1446 620 responsiones
1467 527 1511 597 ad
1535 527 1696 622 singulos
1712 529 1870 622 institui,
1889 519 1992 630 quai
2000 531 2144 628 publice

98 635 138 706 in
151 636 282 730 quibus
295 655 436 704 necesse
450 631 538 716 erit,
562 644 596 702 et
609 623 771 725 utonem
789 627 965 722 quaedam
982 625 1092 696 attin·
1144 628 1183 697 in
1199 629 1497 722 praelectionibus
1509 635 1612 704 trado
1630 645 1665 706 et
1679 635 1782 708 brevi
1802 639 1923 725 edam,
1951 639 2035 733 quia
2055 663 2140 732 pro-

96 759 187 828 geee.
243 735 317 809 Sed
345 725 576 828 Staphylum
611 733 758 802 referire
787 729 914 800 durius
940 739 1093 820 oportet.
1145 733 1244 802 desse
1261 734 1330 825 piis
1352 727 1534 824 existimo,
1559 737 1681 808 videre
1700 741 1885 835 quomodo
1902 735 2079 834 εὐστίχως
2093 745 2139 813 ad

99 837 193 910 Rene
209 839 299 914 vele.
350 835 419 908 Die
435 834 496 911 24.
512 830 664 908 Octobr.
704 831 846 925 Quaeso
859 826 998 903 uthuic
1012 853 1092 900 meo
1143 835 1304 925 singulos
1322 837 1612 929 respondendum
1636 841 1701 927 sit,
1731 865 1812 912 cum
1828 843 1979 914 insidiae
1994 857 2028 916 et
2050 869 2140 940 γοη-

1048 961 1051 966 ’
1143 932 1237 1011 catur
1252 941 1462 1032 retegendae
1477 940 1560 1012 sint.
1612 941 1759 1016 Utinam
1773 946 1887 1016 nostri
1904 959 2027 1018 contra
2042 969 2139 1017 com-

1144 1065 1271 1113 munes
1291 1037 1409 1114 hostes
1425 1043 1667 1116 defensionem
1683 1061 1884 1119 nostrarum
1897 1045 2139 1120 Ecclesiamm

1145 1147 1381 1238 susciperent,
1418 1169 1495 1215 non
1527 1163 1737 1242 quaererent
1768 1149 2006 1220 divulsiones!
2066 1147 2137 1223 Sed

1145 1247 1258 1316 filium
1274 1247 1342 1320 Dei
1357 1271 1440 1330 oro,
1466 1263 1506 1320 ut
1528 1273 1594 1320 nos
1615 1253 1805 1343 gubernet,
1827 1249 1933 1347 quem
1949 1275 2053 1345 spero
2071 1277 2138 1324 no-

1144 1349 1200 1420 bis
1216 1349 1421 1420 adiuturum
1436 1372 1521 1426 esse.
1572 1351 1627 1424 Te
1644 1379 1726 1440 oro,
1753 1368 1795 1426 ut
1813 1357 1857 1426 de
1872 1355 1998 1428 vestris
2011 1349 2138 1426 Eccle-

1145 1447 1206 1520 siis
1220 1445 1312 1520 mihi
1326 1453 1475 1536 scribas,
1500 1477 1540 1523 ac
1553 1457 1766 1528 nominatim
1783 1471 1883 1548 peto,
1908 1470 1948 1528 ut
1963 1457 2137 1546 Significes

1145 1575 1190 1622 an
1213 1553 1252 1622 in
1275 1547 1518 1648 Phorcensi*)
1548 1581 1737 1649 congressu
1761 1559 2033 1630 deliberationes
2055 1555 2139 1654 napi

1144 1649 1388 1736 διδασκαλίας
1402 1655 1584 1730 institutae
1602 1662 1684 1732 sint.
1727 1657 1878 1750 Quaeso,
1903 1673 1945 1733 ut
1959 1683 2023 1752 per
2040 1655 2136 1732 bunc

1145 1756 1416 1830 Pomeranicum
1445 1759 1615 1833 nuntium
1643 1765 1869 1855 respondeas.
1925 1761 2024 1832 Bene
2047 1763 2138 1838 vale.

1145 1858 1213 1932 Die
1227 1855 1397 1933 Octobris
1411 1858 1475 1938 29.
1655 1859 2088 1958 PhilippusMelantboo.

83 941 230 1016 nuncio
246 943 309 1013 das
325 939 464 1036 aliquid
480 937 678 1012 literarum·

835 1030 1042 1131 Philippus.

933 1387 989 1456 25.
1004 1383 1079 1450 Oct.

912 1473 1087 1506 Μ

99 1383 166 1462 No.
182 1385 302 1463 6622.

109 1483 282 1516 m

363 1495 377 1508 -
417 1549 485 1637 lo.
512 1549 776 1638 Mottlreaio.

168 1667 251 1788 llpist.¹
267 1713 316 1771 lib.
331 1711 367 1774 ll.
387 1730 414 1784 p.
426 1713 470 1770 36.
487 1709 544 1786 (ed.
557 1712 651 1770 Laod.
665 1711 714 1768 lib.
726 1707 762 1770 ll.
780 1727 824 1784 cp.
838 1710 905 1782 ta).

299 1869 353 1946 D.
379 1867 596 1944 Iohanni
618 1849 888 1943 Matthesio

98 1993 148 2081 S.
174 2003 219 2081 D.
266 2001 477 2078 Reverendo
494 2007 550 2076 vir
567 2017 602 2076 et
619 1999 824 2074 charissime
845 2002 975 2091 irater,
1000 2001 1092 2077 Cum

97 2109 149 2201 pii
173 2129 296 2176 omnes
317 2107 454 2197 magnis
475 2105 662 2178 doloribus
685 2103 931 2176 excrucientur
946 2122 1093 2200 propter

97 2208 243 2300 publica
264 2220 298 2276 et
319 2207 532 2278 insanabilia
557 2207 670 2293 mala,
703 2219 778 2276 erat
801 2206 912 2302 pietas
934 2209 1092 2300 privatos

97 2309 260 2393 dolores,
283 2321 457 2402 quantum
473 2309 547 2378 fieri
564 2307 687 2402 possit,
709 2307 814 2378 bonis
829 2309 954 2380 lenire.
1006 2313 1091 2384 ideo

98 2433 174 2480 non
197 2433 278 2480 raro
298 2435 377 2480 sum
398 2413 605 2503 deprecator
627 2433 692 2504 pro
713 2409 812 2496 aliis,
843 2413 905 2480 sed
926 2413 1031 2482 doleo
1052 2415 1091 2484 in

98 2512 205 2584 amici
226 2511 279 2580 tui
301 2535 405 2583 causa
422 2535 488 2582 nos
508 2536 583 2582 non
602 2512 808 2604 impetrasse
821 2513 1092 2602 mitigationem,

98 2628 136 2686 et
149 2608 323 2698 existimo,
350 2637 424 2683 rem
443 2629 517 2684 arte
534 2614 741 2706 impeditam
757 2636 843 2699 esse,
870 2639 950 2684 cum
967 2639 1091 2706 aegro-

97 2716 245 2799 teretis,
268 2715 311 2783 ad
330 2739 435 2808 quem
451 2715 588 2806 scripsi,
613 2728 655 2788 ut
669 2713 844 2806 intelliges
861 2739 903 2786 er
917 2711 1091 2809 Epistola,

97 2841 206 2912 quam
223 2812 307 2886 hnic
321 2815 460 2892 inclusi.
511 2815 631 2888 Potest
648 2818 720 2910 peti
734 2817 932 2910 deprecatio
957 2820 997 2888 in
1013 2815 1091 2890 Au-

96 2927 262 3015 gustano
276 2931 465 2999 conventu.
488 2919 693 3010 praesertim
709 2943 788 2988 cum
806 2943 847 2989 eo
861 2934 896 2991 et
908 2914 1091 3018 Georgius

97 3011 301 3091 Gronovius
317 3043 519 3090 accessurus
533 3021 588 3092 sit.
638 3017 749 3092 Mitto
770 3021 837 3091 tibi
858 3021 1032 3118 pagellam
1047 3026 1091 3094 de

103 3117 300 3194 Bororicis
316 3121 491 3209 articulis,
517 3143 557 3193 ac
573 3122 645 3191 iam
665 3122 808 3214 publice
823 3125 926 3195 trado
943 3148 1091 3218 respon-

106 3225 216 3296 siones
250 3225 295 3295 ad
331 3223 489 3315 singulos
517 3223 697 3295 articulos.
749 3221 897 3296 Utinam
923 3228 1092 3298 adversus

104 3319 169 3396 bos
190 3349 397 3398 communes
420 3321 537 3398 hostes
558 3323 847 3398 coniunctionem
869 3329 983 3400 nostri
997 3330 1092 3400 inter

96 3449 135 3498 se
146 3441 346 3513 tuerentur,
368 3428 428 3498 sed
444 3429 545 3498 vides
556 3427 618 3521 qui
634 3427 802 3496 divellere
815 3441 977 3500 nostrum
993 3454 1091 3502 erer-

94 3531 209 3602 citum
233 3531 407 3601 studeant.
459 3523 539 3600 Oro
559 3544 675 3606 autem
693 3524 827 3600 Filium
848 3525 936 3612 Dei,
962 3545 1004 3602 ut
1026 3553 1092 3602 nos

92 3636 288 3723 gubernet,
314 3647 348 3702 et
370 3631 473 3701 faciat
498 3645 658 3724 utquam
683 3630 827 3723 plurimi
845 3655 958 3702 unum
981 3633 1091 3704 simus

93 3737 134 3805 in
154 3737 243 3827 ipso.
297 3732 438 3822 Quaeso
455 3747 495 3804 ut
514 3731 710 3805 Dominum
726 3728 915 3803 Maiorem
933 3749 1091 3806 amanter

91 3837 343 3926 complectaris
363 3851 397 3908 et
420 3859 548 3908 ornare
570 3837 724 3912 studeas.
774 3831 977 3912 Benenate.
1029 3835 1090 3914 25.

89 3935 281 4012 Octobris.

922 4287 980 4352 29.
1006 4280 1079 4348 Ost.

912 4372 1085 4408 W

413 4439 490 4552 T.
518 4441 752 4534 Hosiusio.

167 4609 190 4680 †
209 4605 246 4662 Ει
260 4615 324 4662 suto
375 4605 430 4677 pbo
446 4603 633 4660 Metaotbonis
652 4604 681 4660 io
699 4603 828 4664 bibliotb.
845 4605 941 4666 Nasu.
961 4605 1094 4667 asche·-

201 4677 250 4732 der
264 4675 311 4730 Gn
340 4675 476 4750 pbcrbcrt.
490 4673 652 4748 descriptas
668 4675 705 4733 Ν.
718 4677 754 4732 Ν.

86 4275 166 4351 No.
179 4271 293 4348 6628.

97 4369 278 4406 aas·

90 4829 312 4908 Reverendo
335 4831 412 4902 uiro
438 4827 695 4904 eruditiones!
717 4831 846 4904 virtute
899 4832 1093 4918 roestonti,

90 4933 379 5010 Tilemonno
405 4929 663 5020 Heslsusio,
689 4929 850 5006 Ductori
899 4927 1092 5030 heulogioe

91 5042 135 5114 in
154 5038 297 5137 inclyto
317 5033 518 5108 Academia
540 5031 868 5156 [Wtehergensi]
883 5032 940 5135 '),
967 5037 1094 5138 fratri

448 5165 517 5212 suo
534 5161 740 5228 carissimo,

88 5273 145 5360 S.
173 5277 219 5352 D.
271 5267 480 5344 Reverende
496 5272 551 5344 sir
565 5289 600 5347 et
614 5271 793 5344 carissime
808 5273 928 5348 irater.
980 5269 1092 5344 Mitto

87 5385 163 5462 tibi
187 5375 361 5488 pagellam
383 5375 428 5446 de
450 5367 651 5446 Bovaricsb
671 5369 864 5464 articulis,
896 5373 1092 5472 dequibus

79 5509 298 5534 μ

121 5575 158 5640 ss)
182 5565 392 5635 mettamensi
398 5561 416 5616 Ρ
439 5557 498 5615 imo
517 5555 763 5624 Heidelbergemt.

1144 2196 1212 2272 No.
1229 2197 1343 2276 6624.

1149 2294 1322 2326 Μ

1991 2215 2036 2276 ·2.
2056 2205 2135 2272 Nor.

2002 2301 2135 2332 M

1466 2385 1621 2476 Andr.
1648 2383 1801 2474 Innio.

1211 2547 1299 2620 Epist.
1316 2545 1366 2610 tib.
1380 2547 1415 2606 tl.
1430 2565 1459 2622 p.
1470 2548 1532 2606 itt.
1550 2549 1606 2619 (sd.
1623 2547 1826 2608 bonatista
1843 2563 1888 2621 sp.
1900 2545 1988 2615 ηδ).

1407 2703 1463 2787 D.
1489 2703 1702 2780 Andreae
1727 2701 1871 2779 Iunio

1142 2837 1192 2927 S.
1216 2847 1263 2923 D.
1303 2837 1515 2926 'Necessaria
1547 2866 1598 2925 est
1628 2869 1663 2926 et
1690 2867 1789 2945 grata
1820 2851 1899 2926 Deo
1931 2852 2136 2943 diligentia,
2259 2865 2263 2876 '

1142 2977 1312 3050 quaerere
1327 2956 1583 3048 descriptiones
1595 2978 1829 3048 personarum
1839 2957 2044 3034 divinarum
2059 2958 2135 3046 pias

1139 3072 1178 3129 et
1194 3057 1368 3143 eruditas,
1393 3072 1435 3129 ut
1450 3059 1620 3151 scriptum
1635 3073 1703 3131 est:
1737 3057 1840 3128 Haec
1861 3067 1912 3128 est
1927 3054 2003 3128 rito
2019 3065 2135 3126 aeter·
2241 3065 2243 3072 '

1143 3181 1217 3242 no,
1244 3165 1283 3228 ut
1300 3168 1507 3253 agnoscunt
1530 3169 1563 3230 te
1577 3182 1699 3230 rerum
1715 3156 1858 3242 Deum,
1884 3169 1917 3230 et
1932 3183 2037 3256 quem
2062 3159 2136 3228 mi·
2198 3165 2203 3170 ‘

1084 3323 1088 3330 .
1142 3258 1229 3332 sisti
1251 3255 1377 3332 Iesum
1400 3285 1475 3332 esse
1497 3254 1701 3338 Christum.
1752 3259 1810 3334 Ad
1840 3258 1931 3336 hanc
1955 3276 2132 3332 aeternam

1143 3363 1373 3455 sapientiam,
1394 3359 1451 3435 his
1467 3365 1601 3449 initiis,
1627 3369 1671 3434 de
1687 3366 1817 3458 quibus
1830 3365 2018 3458 quaeritis,
2045 3387 2134 3453 opus

1143 3477 1213 3536 est.¹
1240 3461 1337 3534 Mihi
1351 3467 1442 3536 bene
1457 3469 1581 3557 placet,
1598 3468 1681 3536 addi
1696 3469 1735 3535 in
1748 3469 1985 3556 descriptione
1998 3469 2131 3534 aeterni

1143 3565 1269 3646 Patris,
1287 3567 1361 3658 qui,
1386 3564 1514 3662 qualis
1528 3567 1578 3635 sit
1595 3565 1635 3635 in
1651 3563 1729 3660 lege
1744 3563 1959 3650 declararit,
1982 3577 2013 3634 et
2031 3564 2132 3636 misit

1142 3661 1186 3736 F
1182 3663 1309 3748 ilium,
1335 3675 1374 3736 ut
1390 3677 1478 3738 esset
1494 3661 1719 3764 Redemptor
1731 3677 1763 3738 et
1777 3664 1968 3742 Salvator.
2021 3666 2132 3760 idque

1143 3769 1295 3859 intelligi
1311 3771 1415 3859 volo,
1440 3771 1525 3862 quia
1542 3793 1623 3839 mox
1638 3771 1731 3841 addo
1747 3767 1832 3840 Filii
1846 3771 2132 3862 descriptionem,

1142 3871 1206 3942 obi
1228 3874 1450 3942 commodius
1473 3874 1517 3942 de
1532 3873 1684 3942 duarum
1701 3887 1910 3944 naturarum
1925 3875 2060 3944 unione
2075 3872 2132 3943 di·

1143 3975 1253 4059 citur,
1279 3997 1385 4067 quam
1405 3975 1444 4042 in
1469 3975 1589 4067 priore
1610 3975 1827 4046 delinitione.
1881 3973 2071 4046 -Praeterea
2094 3976 2131 4042 in

1143 4076 1351 4146 delinitione
1367 4073 1434 4146 Dei
1452 4078 1563 4163 addo,
1586 4074 1679 4146 sieut
1700 4099 1738 4146 se
1751 4075 1925 4174 patefecit
1943 4071 2134 4159 divinitas,

1144 4175 1199 4248 ihi
1228 4172 1490 4276 comprehendo
1513 4185 1632 4248 totam
1657 4177 1955 4279 patefactionem.
2006 4177 2134 4248 Fateor

1143 4301 1238 4350 meas
1261 4281 1725 4372 descriptiones'tenniores
1751 4305 1846 4366 esse,
1881 4295 1915 4352 et
1943 4280 2131 4348 mavelim

1142 4382 1301 4464 moneri,
1325 4383 1409 4476 quia
1434 4384 1473 4452 in
1497 4395 1551 4453 tot
1573 4383 1772 4455 seculorum
1789 4383 2020 4473 scriptoribus
2045 4403 2132 4470 pau·

1144 4483 1304 4554 cissimae
1317 4485 1547 4577 reperiuntur
1560 4485 1802 4570 definitionem
1827 4485 1922 4552 malo
1941 4481 2051 4572 igitur
2065 4483 2132 4552 ali-

1143 4609 1232 4680 quas
1247 4581 1430 4681 utcunque
1452 4588 1637 4658 delineari.
1686 4582 1735 4658 Et
1759 4581 1818 4656 hic
1833 4581 1861 4679 ¹)
1883 4585 1953 4654 iam
1968 4579 2051 4678 περὶ
2072 4577 2132 4652 λό-

1142 4712 1216 4788 yov
1239 4711 1404 4778 magnam
1432 4690 1677 4784 quaestionem
1702 4699 1737 4758 et
1760 4686 1991 4758 necessariam
2020 4687 2132 4774 erpti-

1142 4787 1233 4864 cavi.
1272 4784 1352 4861 Oro
1366 4805 1484 4864 autem
1498 4793 1614 4884 ipsum
1630 4788 1763 4858 Filium
1780 4785 1848 4858 Dei
1863 4785 1987 4900 λόγον.
2013 4801 2051 4859 ut
2069 4809 2133 4855 uos

1142 4893 1267 4962 doceat
1288 4905 1324 4964 et
1343 4907 1448 4986 regat.
1504 4891 1559 4966 De
1583 4883 1823 4960 Heniocheno
1843 4885 2020 4972 Ecclesia,
2046 4901 2132 4960 tunc

1143 5018 1223 5064 cum
1238 4994 1369 5066 redibit
1383 5009 1503 5088 pastor
1516 4983 1831 5087 Christopirorus,
1856 4991 2052 5061 deliberare
2069 5013 2134 5082 po·

1142 5095 1228 5167 teris
1244 5091 1287 5192 ¹).
1337 5093 1409 5169 Sed
1433 5097 1463 5166 si
1487 5095 1586 5168 voles
1600 5089 1823 5188 Sleusingen
1842 5092 2034 5188 proficisci,
2059 5116 2133 5161 non

1147 5237 1370 5254 m

1175 5311 1205 5370 'l
1222 5307 1267 5364 Dc
1279 5321 1314 5362 eo
1327 5304 1384 5364 vid.
1402 5319 1446 5376 ep.
1459 5301 1485 5361 d.
1501 5299 1543 5360 ib.
1557 5299 1636 5375 spu.

1177 5397 1207 5465 i)
1221 5395 1241 5452 i.
1257 5411 1283 5450 e.
1300 5391 1418 5461 Torgse.

1173 5479 1204 5550 2)
1212 5477 1428 5606 {uppremo}
1466 5470 1564 5532 recinit
1583 5471 1722 5536 Ecclesiae
1738 5471 1769 5529 ia
1784 5471 1975 5546 seuttenbog.
2014 5471 2076 5527 Vid.
2090 5487 2134 5541 ep.
