4738 6186
109 333 176 412 aar
649 323 1082 410 emarcuerunt
1130 316 1240 396 ure.
1273 291 1379 404 auu.
1433 317 1564 402 resa.
2060 331 2135 411 053

105 507 214 584 Deum
230 533 314 598 oro,
338 523 381 583 ut
395 508 570 606 inclytam
583 505 739 602 Regem,
763 521 799 582 et
812 521 849 580 te
863 517 898 578 et
912 517 994 578 tuos
1015 523 1093 572 ser-
1142 485 1358 568 Reverendo
1376 493 1473 582 viro,
1498 450 1702 570 eiaditiane
1717 505 1751 571 ei
1768 496 1899 575 virtute
1944 507 2135 593 raestoati,

106 627 168 688 ver,
218 609 331 686 Dm
348 613 407 684 dte
423 613 535 684 natali
550 608 712 685 Luthefi,
1142 591 1198 672 D.
1219 593 1249 668 I
1256 599 1405 672 oanni
1425 596 1710 699 aurifabro,
1735 599 1896 678 Ductori
1908 527 2137 706 EheoIegicee

1143 695 1202 798 (in
1215 696 1420 774 Academia
1434 697 1755 824 Regiomontapa)
1763 706 1892 806 fratri
1904 735 1972 782 soc
1990 710 2135 813 γνησίῳ

738 824 1089 848 ····-···-··*······
1516 813 1767 882 etcarrssemo.

105 980 296 1060 N0.66³2.
921 983 978 1053 14,
997 979 1079 1046 No„
1143 935 1262 1036 SA).
1311 947 1521 1021 Reverende
1540 951 1597 1022 vir
1622 967 1655 1023 et
1678 953 1856 1026 carissime
1881 953 2000 1034 frater.
2052 961 2134 1036 Me.

109 1079 277 1111 Μ
912 1070 1084 1104 Μ
1142 1052 1233 1122 mini
1254 1065 1490 1145 praestantem
1516 1053 1632 1125 virum
1647 1049 1922 1146 Pirlamerum,
1952 1060 1992 1144 ὃς
2016 1062 2133 1138 πολλὰ

427 1185 492 1272 D·
521 1171 763 1302 Chygpa'eo·
1143 1146 1281 1227 aelami
1297 1179 1337 1226 τε
1352 1147 1490 1250 ᾔδη’),
1518 1157 1719 1250 praedicere
1736 1161 1957 1252 eruptionem
1974 1167 2133 1256 gentium

1144 1253 1389 1352 Scythicarum
1412 1257 1450 1325 in
1473 1259 1625 1328 mediam
1646 1257 1849 1354 Europam:
1877 1269 1971 1358 qood
1988 1269 2132 1360 quidem

170 1361 332 1430 mensem
349 1359 477 1434 (ἓιιιῑῆιἱ
494 1358 616 1434 ⁰9¹⁸¹⁰¹¹⁸
634 1377 661 1432 ι·
677 1357 763 1426 ¹¹¹⁷·l
906 1385 909 1394 ·
1144 1361 1188 1428 de
1216 1357 1344 1430 Turcis
1377 1371 1462 1430 tunc
1494 1361 1794 1452 intelligebamus,
1827 1367 1890 1458 qui
1919 1367 2076 1439 fortassis
2099 1383 2164 1454 et,

1145 1459 1314 1531 Tartarus
1341 1461 1567 1537 adducerent.
1625 1461 1694 1536 Sed
1728 1465 1789 1536 ille
1818 1483 1954 1557 praeter
1981 1469 2135 1544 Turcica

396 1515 516 1590 Dav·
542 1506 793 1617 chyum·
1144 1563 1238 1634 bella
1260 1563 1366 1634 etiarn
1389 1563 1540 1634 aliarum
1565 1566 1721 1655 gentium
1744 1569 1973 1656 migrationes
1997 1575 2135 1646 futuras

105 1655 315 1745 Clarissime
329 1668 386 1738 vir
400 1679 436 1740 et
450 1668 628 1740 carissime
642 1669 762 1742 frater.
801 1663 933 1739 Detua
950 1664 1091 1758 querela
1144 1687 1218 1735 esse
1242 1665 1474 1735 existimabat.
1525 1666 1566 1738 Si
1590 1665 1756 1764 Mosynoi
1773 1663 1838 1769 [?],
1872 1673 1934 1764 qui
1959 1697 1978 1742 a
2002 1676 2134 1746 nostris

105 1774 259 1868 primum
284 1755 497 1864 respondeo:
530 1793 595 1840 nec
614 1771 768 1855 sciente,
792 1793 859 1840 nec
876 1770 1017 1838 volente
1035 1790 1093 1835 me
1144 1766 1321 1837 Moscovii
1337 1768 1589 1852 nominantur,
1610 1768 1799 1840 Livoniam
1824 1775 2069 1864 occupabunt,
2095 1777 2135 1847 in

106 1877 218 1946 edica
235 1873 383 1966 scripta,
408 1875 452 1944 de
475 1869 869 1966 quibusquestoses¹).
918 1868 987 1942 Sed
1012 1893 1091 1939 cum
1144 1883 1259 1941 totum
1285 1869 1385 1940 littus
1398 1869 1568 1942 Arctoum
1589 1871 1650 1941 illa
1673 1873 1854 1944 barbaries
1869 1876 2004 1950 influet.
2055 1875 2136 1949 Etsi

104 1979 210 2047 finem
225 1977 367 2046 nullum
391 1973 496 2046 faciat
515 1968 722 2072 παφλάζων
738 1965 915 2058 Florius,
940 1971 1094 2042 irritavit
1145 1984 1262 2042 autem
1275 1965 1362 2040 lsaee
1375 1973 1496 2064 paucis
1512 1997 1615 2044 curae
1630 1989 1731 2058 sunt,
1756 1989 1873 2046 tamen
1891 2001 1953 2067 ego
1973 1981 2137 2071 optarim,

104 2079 249 2150 tandem
270 2071 356 2161 bos,
387 2077 451 2171 qui
471 2077 532 2147 illa
558 2078 685 2156 edunt,
720 2076 782 2172 qui
805 2075 987 2170 aliquanto
1012 2087 1095 2146 sunt
1145 2087 1286 2144 nostros
1308 2073 1496 2145 bellatores
1525 2076 1645 2167 potius
1674 2077 1772 2146 illam
1796 2079 1995 2150 barbariem
2020 2083 2136 2174 repri-

21 2162 33 2213 ”
104 2175 386 2248 vehementiores
406 2199 510 2270 quam
533 2201 597 2267 ego
620 2201 716 2266 sum,
738 2191 772 2248 et
789 2201 895 2272 quarn
910 2175 1015 2244 velim
1035 2199 1094 2244 eos
1146 2199 1260 2260 mere,
1286 2199 1391 2268 qoam
1410 2175 1584 2267 stipendia
1600 2175 1738 2248 Gallica
1758 2193 1792 2248 et
1804 2175 1946 2272 Belgica
1961 2197 2137 2275 appetere.

104 2302 190 2350 esse.
241 2278 312 2351 Sed
326 2278 516 2349 virulentia
533 2275 697 2348 Flaciana
713 2279 793 2348 illos
806 2279 910 2350 etiarn
925 2277 1095 2352 incendit.
1147 2277 1218 2349 Sed
1234 2271 1319 2371 baec
1333 2273 1409 2348 Deo
1426 2280 1723 2364 commendemus,
1748 2293 1782 2349 ct
1795 2305 1987 2372 speremus,
2012 2281 2138 2356 Eccle-

105 2380 209 2452 Nunc
231 2393 350 2450 movet
364 2377 616 2470 Quaestionem
635 2383 679 2452 de
693 2375 854 2458 Trunca.
905 2379 978 2450 Nec
994 2393 1095 2472 putes
1147 2381 1219 2450 siae
1234 2379 1402 2472 reliquias
1414 2379 1508 2450 iuter
1523 2374 1587 2450 bas
1603 2381 1759 2470 gentium
1777 2384 2002 2454 confusiones
2018 2409 2138 2457 serva·
2216 2413 2219 2418 ·

104 2506 162 2553 me
186 2483 404 2552 abiecturum
428 2505 501 2552 csse
530 2505 607 2552 eam
640 2507 791 2559 causam.
850 2477 992 2576 Optimi
1017 2481 1097 2563 viri,
1148 2497 1269 2554 turum
1294 2503 1386 2567 esse,
1416 2494 1651 2574 repetamus,
1685 2497 1725 2554 ut
1752 2498 1891 2554 nostras
1920 2485 2071 2557 familias
2097 2489 2138 2558 in
2184 2477 2188 2502 ¹

105 2579 265 2681 Saepius
287 2595 320 2654 et
344 2577 563 2656 Victorinus
588 2585 783 2657 noluerunt
807 2609 881 2655 esse
905 2577 1096 2678 σύμμαχοι
1146 2579 1304 2656 Ecclesia
1325 2595 1440 2654 servet
1462 2597 1497 2654 et
1518 2597 1692 2676 protegat,
1712 2609 1792 2656 cum
1810 2587 1953 2682 quidem
1975 2588 2138 2671 sciamus,

104 2689 173 2758 τοῦ
187 2678 443 2780 ὑπερηφάνου.
495 2683 565 2757 Sed
580 2681 664 2757 baec
680 2685 778 2762 alias.
813 2685 946 2767 Doleo,
973 2681 1096 2756 exbac
1148 2681 1240 2756 banc
1258 2701 1432 2756 senectam
1448 2688 1664 2756 mundinon
1682 2689 1776 2758 leves
1793 2689 1967 2760 tumultus
1992 2685 2138 2762 babitu·

104 2788 232 2859 rnilitia
249 2785 425 2882 Saepiom
442 2783 471 2882 ²)
487 2789 684 2880 abductum
697 2813 781 2860 esse.
833 2788 906 2860 Sed
922 2789 996 2882 ipse
1012 2789 1095 2856 bea·
1147 2813 1224 2860 ram
1242 2811 1326 2860 esse.
1377 2783 1473 2858 llaec
1489 2789 1531 2858 ad
1549 2813 1624 2858 eam
1642 2789 1776 2882 partem
1794 2805 1874 2861 tuae
1894 2793 2073 2882 epistolae,
2100 2794 2164 2864 in·

104 2905 179 2974 tus,
206 2891 276 2958 iarn
302 2889 436 2960 fruitur
454 2889 551 2960 dulci
575 2892 832 2962 consuetudine
853 2891 1011 2962 caelestis
1027 2887 1095 2960 Ec·
1148 2917 1217 2984 qua
1240 2887 1456 2960 metationem
1486 2891 1573 2960 facis
1595 2889 1760 2966 Livouici
1788 2893 1892 2978 belli,
1924 2897 2138 2984 respondere

105 2993 242 3064 clesiae.
295 2989 403 3062 Mitto
420 2991 486 3062 tibi
502 2993 656 3062 edictum
671 2993 715 3063 de
731 2995 857 3066 funere
874 2995 949 3064 eius
964 3017 1096 3086 propo·
1148 2992 1266 3076 volui,
1290 3005 1331 3062 ut
1345 2992 1452 3076 scias,
1477 3015 1534 3062 me
1552 2994 1724 3085 accepisse
1748 2993 1866 3064 literas
1883 2996 2029 3066 traditas
2042 3021 2138 3068 non-

106 3097 224 3168 situm.
276 3085 425 3163 Petrum
443 3109 603 3165 nostrum
615 3090 643 3188 ³)
659 3081 989 3166 commendaveram
1004 3093 1096 3163 Duci
1148 3095 1203 3166 cic
1235 3089 1408 3162 Erasmi'
1427 3091 1678 3170 Salveldeusis.
1728 3095 1781 3166 De
1814 3097 1958 3168 caeteris
1987 3099 2138 3190 negotiis

109 3193 334 3266 Pomcraniae
348 3197 481 3288 petenti
495 3195 647 3268 indicari
662 3197 829 3268 lectorem
844 3193 1095 3288 theologicum.
1148 3196 1235 3266 alias
1256 3196 1489 3288 respondebo.

111 3295 177 3367 Sed
199 3311 319 3392 postea
344 3323 423 3368 curn
448 3293 541 3368 nibil
566 3301 837 3392 responderent,
861 3297 1095 3370 animadverti
1249 3297 1355 3368 Nunc
1384 3297 1451 3367 tibi
1475 3301 1685 3370 commendo
1715 3293 1812 3371 hunc
1836 3297 2047 3390 Magistrum
2071 3297 2142 3372 Pe.

106 3395 384 3470 Pomeranorum
399 3401 537 3470 animos
553 3415 707 3472 mutatos
723 3425 806 3472 esse.
842 3399 951 3492 Quod
971 3425 1033 3492 rgo
1054 3423 1095 3468 eo
1149 3407 1247 3470 trum
1263 3395 1445 3482 Siclium,
1472 3401 1589 3470 virum
1604 3395 1804 3486 honestum,
1831 3405 2010 3473 eruditum
2028 3417 2063 3475 et
2075 3430 2140 3497 pa-

102 3501 180 3572 feru
199 3502 365 3596 aequiore
386 3504 528 3587 animo,
553 3503 636 3596 quia
663 3503 915 3573 conscientiam
941 3504 1096 3596 optimae
1149 3501 1199 3572 cis
1219 3516 1416 3585 amantem,
1449 3526 1489 3572 ac
1514 3516 1607 3572 recte
1627 3503 1834 3574 sentientem
1860 3507 1905 3574 de
1925 3519 1998 3576 tota
2013 3501 2140 3576 Eccle-

21 3620 24 3629 ·
101 3604 301 3674 voluntatis
321 3627 401 3695 erga
424 3600 617 3674 Ecclesiam
642 3618 675 3674 et
697 3605 792 3696 ipsus
813 3599 941 3679 babeo.
994 3601 1097 3674 Nunc
1148 3604 1219 3672 siae
1246 3603 1428 3686 doctriua,
1455 3605 1500 3672 de
1531 3629 1602 3696 quo
1635 3618 1669 3672 et
1702 3608 1745 3672 ad
1774 3603 1975 3694 Principem
2001 3609 2139 3699 scripsi.

98 3698 255 3776 Petram
279 3708 489 3777 commendo
510 3705 600 3777 Duci
615 3703 778 3776 Prussiae
801 3721 835 3778 et
856 3731 958 3798 spero
973 3701 1096 3776 Eccle-
1149 3703 1239 3774 Nam
1269 3705 1309 3772 in
1340 3703 1472 3788 literis,
1504 3727 1590 3796 quas
1615 3703 1878 3774 lllustrissimus
1901 3705 2071 3799 Princeps
2094 3711 2140 3780 ad

99 3807 177 3878 siae
200 3807 420 3899 profuturam
444 3831 516 3878 esse
532 3799 703 3877 Iohanni
718 3803 923 3908 Aurisadri
945 3825 980 3879 et
994 3799 1101 3876 Petri
1148 3801 1286 3876 Ianam
1306 3828 1369 3876 sua
1392 3828 1501 3874 manu
1525 3806 1664 3896 scripsit
1678 3807 1827 3897 petitum
1842 3821 1910 3888 est,
1938 3821 1978 3878 ut
2001 3809 2140 3882 indica·

99 3909 404 3986 coniunctionem.
455 3907 554 3982 Bene
576 3911 653 3982 vale
673 3923 709 3982 et
731 3911 894 3984 rescribe.
945 3907 1014 3980 Die
1038 3901 1102 3988 14.
1149 3931 1224 3978 rem
1240 3908 1357 3977 virum
1381 3907 1549 3976 idoneum
1575 3909 1619 3976 ad
1641 3908 1828 3979 lectionem
1851 3903 2083 4000 theologicam
2098 3914 2139 3984 in

98 4009 328 4086 Novembris.
1149 4005 1340 4083 Academia
1363 4022 1489 4079 vestra.
1540 4004 1649 4078 Eram
1673 4009 1893 4082 indicaturus
1915 4005 2140 4086 Erhardum

788 4109 989 4208 Philippus.
1150 4105 1369 4208 Sneppium3
1395 4114 1457 4180 scd
1480 4135 1575 4180 mors
1598 4113 1703 4182 nobis
1724 4136 1804 4182 cum
1820 4115 1962 4206 eripuit.
2011 4115 2140 4189 Postea

1150 4215 1193 4284 de
1224 4209 1290 4282 boc
1313 4205 1422 4282 Petro
1449 4213 1615 4302 cogitavi,
1652 4215 1754 4285 cuius
1784 4217 1991 4288 modestiam
2019 4220 2139 4289 statim

958 4353 1091 4367 ·-—-
1150 4337 1336 4404 cognosces
1358 4339 1399 4384 ex
1415 4315 1552 4408 aliquot
1569 4316 1707 4386 dierum
1732 4319 2003 4388 consuetudine:
2030 4333 2065 4389 et
2081 4343 2139 4390 re-

1037 4415 1041 4424 '
1150 4433 1203 4490 cte
1223 4441 1304 4488 eum
1328 4417 1457 4488 sentire
1470 4419 1516 4486 de
1540 4430 1613 4488 tota
1627 4415 1805 4488 Ecclesiae
1822 4417 1980 4488 doctrina
2006 4419 2139 4496 iudico.

99 4497 175 4575 N⁰·
192 4497 304 4573 6635·
942 4511 998 4580 14·
1018 4507 1097 4572 ¹¹0*
1149 4519 1219 4590 llic
1252 4519 1348 4588 enim
1381 4533 1417 4590 et
1450 4515 1644 4608 theologica
1670 4521 1792 4590 docuit
1817 4533 1851 4589 et
1880 4515 2137 4612 philosophica.

102 4593 284 4628 om
926 4599 1097 4662 ’ΛΤ
1150 4619 1364 4691 Adfirmavit
1386 4617 1453 4690 boc
1475 4645 1634 4715 quoque.
1662 4643 1698 4690 se
1716 4645 1791 4690 non
1810 4621 2044 4692 discessurum
2062 4645 2136 4694 esse

377 4751 384 4770 ι
407 4703 475 4789 1⁰·
508 4700 784 4818 Aurffallro.
1149 4749 1168 4794 a
1188 4723 1256 4794 tuis
1268 4724 1470 4806 sententiis,
1497 4725 1592 4816 quod
1614 4721 1773 4814 Principi
1792 4721 1927 4812 scripsi.
1981 4721 2085 4794 Nunc
2102 4739 2137 4796 tc

371 4878 379 4896 .
452 4875 470 4932 d
550 4876 557 4892 .
596 4875 748 4934 ΗΜ,
1150 4847 1233 4908 oro,
1258 4837 1298 4895 ut
1313 4849 1394 4894 eum
1409 4837 1445 4895 et
1465 4823 1706 4896 lllustrissimo
1724 4821 1882 4914 Principi
1900 4827 2137 4908 commendes,

172 4887 194 4949 i
212 4879 250 4936 ΕΙ
263 4897 357 4954 '¹⁰⁸³'
371 4897 399 4934 ω
417 4896 450 4935 ⁸⁰
473 4877 582 4934 ,pm
625 4915 632 4931 ⁹
753 4917 760 4934 '
1150 4939 1185 4999 et
1199 4941 1259 4997 tuo
1277 4927 1444 5016 suffragio
1462 4927 1617 5009 adiuves,
1642 4948 1721 4996 cum
1738 4940 1881 5017 propter
1898 4925 2006 5016 ipsius
2021 4927 2137 4999 virtu-

1149 5043 1240 5112 tem,
1276 5043 1353 5100 tum
1384 5053 1468 5098 vero
1495 5041 1638 5119 propter
1661 5049 1774 5096 meam
1804 5027 2014 5111 amicitiam,
2045 5053 2135 5122 quae

137 5163 173 5236 ι)
192 5149 429 5227 505912221550.
445 5160 542 5207 somn
557 5147 678 5206 Fusium
693 5161 719 5205 se
734 5149 898 5222 ctyanmm
919 5154 989 5210 setas
1008 5167 1095 5212 m...
1148 5125 1240 5200 mibi
1254 5143 1370 5200 tecum
1385 5144 1437 5202 est
1456 5129 1612 5214 sincera,
1640 5141 1673 5198 et
1689 5151 1795 5220 quam
1812 5129 1894 5198 vulo
1916 5123 2004 5198 milri
2019 5142 2135 5202 tecum

173 5221 361 5372 promptos.
396 5219 459 5276 Vis.
482 5219 627 5292 ὅιιιιί
648 5219 713 5288 ett.
733 5223 776 5280 ιιι
788 5223 856 5293 eoa.
871 5223 983 5294 “witli-
1003 5225 1034 5282 ¹'·
1049 5226 1097 5284 ¹¹¹·
1150 5255 1223 5302 esse
1243 5247 1439 5316 aeternam,
1460 5255 1529 5324 qua
1551 5243 1586 5300 et
1604 5229 1743 5300 dulcius
1760 5231 1919 5300 fruemur
1943 5231 1981 5300 in
1996 5233 2138 5306 coelesti

135 5404 169 5470 2)
189 5400 318 5456 M⁰¹¹¹¹¹¹⁸
332 5399 371 5506 ‘f'
383 5391 409 5504 d.
425 5391 448 5446 Ι·
461 5388 531 5447 ¹¹⁰⁷·
545 5390 620 5446 ¹⁵⁵8·
1185 5447 1214 5518 ¹)
1232 5447 1304 5502 Sunt
1322 5445 1402 5502 rerba
1421 5439 1537 5496 Homeri
1551 5439 1651 5514 Odyss.
1673 5440 1709 5505 ll,
1730 5439 1802 5496 tea:
1826 5437 1932 5499 netad
1951 5459 1982 5500 rt
2001 5443 2092 5502 noui
2109 5463 2139 5505 rt

135 5503 166 5572 ε)
190 5497 305 5554 Petrum
324 5487 459 5546 Scelerum.
1222 5514 1308 5578 ιιδός.

94 5601 289 5666 stream.
311 5587 423 5656 „Orrm
448 5583 533 5651 Van.
559 5581 624 5652 lx.
1506 5583 1555 5658 42

101 5035 339 5058 ,ῳ

1150 5373 1353 5388 Ἦ
