4748 6180
185 293 233 374 u
752 219 1193 366 arrsromttun
1243 279 1481 367 renunt
1532 283 1669 368 1ssr.
2185 290 2261 362 eo-

185 456 344 542 Clte'isti.
394 459 565 553 Quietis
594 455 834 533 locutusest?
883 453 1064 528 Dicimus:
1082 529 1084 532 .
1100 473 1181 526 tum
1310 457 1392 532 Hoc
1408 458 1557 534 exordio
1571 459 1750 538 utirolni.
1781 457 1881 554 Quid
1895 459 1991 536 mim
2009 461 2130 556 potius
2146 463 2236 533 seri-

184 589 285 668 pane
309 561 410 638 sumi
439 583 569 661 eorpus
592 552 753 636 Christi.
809 549 1001 630 Osinnder
1027 557 1182 628 dicebat:
1234 563 1339 645 lm,
1364 586 1473 656 qum
1492 564 1553 658 pig
1570 564 1680 638 νοω
1729 563 1828 638 11,oe
1850 579 1903 640 „g
1926 565 2023 637 ,nim
2045 565 2235 657 praecipua

190 669 249 742 bic
264 667 369 762 pauis
379 679 431 740 est
443 665 553 742 Deus.
585 663 660 742 Cur
674 656 783 749 mihi,
808 657 950 734 homiui
962 655 1185 744 scholastico,
1235 663 1328 738 vitae
1342 663 1485 756 regula,
1509 680 1551 740 ut
1572 667 1628 740 sui
1642 667 1794 763 quisque
1821 668 1929 740 officii
1946 691 2095 740 munera
2116 667 2235 746 faciat,

189 772 244 844 illi
265 767 435 865 Episcopi
465 789 541 846 non
562 765 809 860 praescribunt
828 764 980 836 formam
1002 759 1185 856 loquendi.
1237 780 1272 840 et
1293 765 1410 838 Deum
1439 781 1623 842 mmm„
1652 767 1796 842 pamm
1824 769 1978 846 Domini
2007 767 2122 842 mm,
2153 767 2234 840 lgm

191 869 577 966 Sieuuperscripsi‘ad
592 866 889 960 Ratisponensem
907 859 1078 938 Gallam.
1113 861 1184 936 Sed
1237 867 1373 942 Christi
1407 893 1610 962 precemur,
1641 885 1685 946 ug
1713 897 1781 944 „03
1812 875 1986 964 gubernes
2012 886 2048 944 02
2079 871 2235 946 ,diuveg

192 975 382 1070 siquando
400 986 597 1046 conventus
612 970 680 1046 erit
694 971 934 1050 eruditorum,
961 989 1101 1038 neeesse
1116 965 1184 1035 erit
1238 971 1406 1044 sinamus
1431 973 1651 1066 2150210302
1675 976 1841 1061 misem,
1873 989 1915 1048 ,ῃ
1938 975 2124 1069 aliquam„
2152 989 2236 1068 9052

192 1075 259 1152 lm
280 1079 324 1148 de
346 1099 385 1152 ¹0
407 1074 521 1172 loqui·
570 1073 644 1146 Νθῦ
666 1067 757 1142 mihi
781 1072 902 1162 ignota
916 1065 1188 1162 θδῑόῑὶῑῐίιῑῐὶῐθδι
1239 1074 1377 1146 videbis
1390 1067 1636 1146 Germaniam
1651 1071 1875 1149 horribiliter
1889 1078 2145 1150 dilaceraturos
2158 1099 2233 1146 esse

193 1193 367 1276 quantum
390 1177 540 1250 omuino
564 1186 657 1246 extat
678 1185 837 1245 veterum
861 1183 1188 1253 monumentorum,
1238 1172 1326 1258 τοὺς
1345 1169 1533 1276 ἡγεμόνας
1552 1174 1617 1252 καὶ
1636 1173 1907 1281 δημαγωγοὺς,
1941 1181 2001 1252 ,eg
2026 1191 2145 1250 gamen
2162 1174 2236 1248 Ec„

193 1283 251 1457 lh
266 1282 397 1400 quibus
430 1277 539 1352 buius
568 1275 736 1396 metam
751 1275 808 1450 ἐὴ
838 1274 1000 1446 mandant
1035 1269 1188 1443 blioEent
1239 1279 1364 1350 clesiae
1380 1280 1550 1376 reliquias
1571 1281 1711 1355 abditas
1734 1285 1780 1354 ad
1802 1307 1901 1356 aram
1923 1305 2022 1354 suam
2037 1279 2152 1354 Filius
2166 1277 2235 1350 Dei

633 1401 703 1452 ma.
789 1399 871 1446 ere
900 1399 943 1445 en
972 1397 1045 1444 rur
1087 1396 1187 1442 em-

193 1405 485 1576 tio“Ecliis'iigblliiv.a
497 1391 689 1576 hbbtclndixi
702 1401 939 1569 Evangelium
953 1500 1028 1547 esee
1045 1475 1186 1569 praedi·
1239 1395 1409 1475 proteget·

194 1587 371 1660 catiouem
387 1582 626 1679 poenitentiae
642 1597 675 1654 et
695 1580 968 1674 promissionem
981 1577 1190 1649 reconcilia-

195 1689 317 1763 tionis.
367 1683 482 1760 Aiunt
505 1685 634 1770 etiarn,
657 1683 773 1754 filium
793 1681 863 1754 Dei
884 1705 960 1752 non
981 1680 1055 1751 dici
1075 1671 1190 1778 λόγον

195 1791 267 1862 nisi
290 1790 329 1860 in
344 1784 580 1884 Apocalypsi,
610 1799 646 1857 et
663 1796 888 1878 praetereunt
913 1784 1069 1875 primum
1086 1794 1190 1874 caput

195 1886 382 1966 lobannis.
433 1889 518 1981 Quo
554 1887 700 1964 tandem
735 1886 873 1960 evasuri
904 1887 993 1970 sint,
1031 1885 1192 1956 ostendet

197 2008 357 2070 eventus.
407 1987 487 2083 Ego
503 1985 697 2078 Ecclesiam
715 2001 750 2060 et
762 2011 819 2058 me
834 1987 910 2059 filio
924 1986 994 2058 Dei
1010 2009 1192 2057 commen-

197 2097 265 2180 do,
291 2093 442 2168 domiuo
463 2104 587 2164 nostro
619 2090 699 2162 lesu
721 2081 885 2179 Christo,
911 2113 1017 2186 quem
1041 2111 1126 2176 oro,
1151 2101 1191 2159 ut

198 2214 233 2270 te
247 2197 454 2271 consoletur
468 2207 505 2268 et
522 2217 592 2268 nos
604 2195 791 2285 gubernet.

1340 1527 1561 1606 Leandrnm
1592 1537 1685 1630 patri
1716 1538 1952 1610 commendes.
2012 1533 2136 1606 Iudico
2159 1560 2234 1606 non

1242 1659 1316 1708 esse
1337 1638 1466 1709 malam
1488 1651 1671 1726 naturam,
1694 1639 1778 1726 etsi,
1802 1653 1842 1710 ut
1864 1652 1917 1710 est
1930 1649 2045 1724 aetas,
2070 1638 2236 1710 sodalitia

1242 1739 1353 1829 magis
1374 1752 1524 1812 sectatus
1547 1755 1616 1827 est,
1648 1765 1755 1838 quam
1785 1742 2003 1814 volebamus.
2062 1737 2238 1830 Magister

1242 1835 1483 1914 Froschelius
1504 1843 1701 1915 discessuro
1726 1844 1825 1916 dedit
1849 1857 1975 1913 mutuo
2003 1835 2237 1913 loachimicos

1244 1996 1271 2020 ..
1283 1937 1349 2040 .*),
1371 1945 1560 2039 dequibus
1577 1945 1649 2018 diri
1667 1969 1724 2016 me
1737 1947 1782 2016 ad
1800 1959 1834 2018 te
1849 1945 2062 2037 scripturum
2081 1966 2166 2032 esse,
2193 1959 2237 2016 ut

1244 2071 1264 2117 a
1278 2059 1391 2117 matre
1408 2059 1556 2141 peteres.
1603 2045 1733 2119 Totam
1750 2043 1843 2119 hanc
1859 2071 1934 2116 rem
1951 2059 1985 2116 et
2001 2045 2084 2116 fidei
2099 2057 2133 2116 et
2148 2071 2237 2138 pru-

1245 2149 1387 2219 dentiae
1407 2163 1487 2221 tuee
1501 2151 1723 2222 commendo.
1774 2149 1851 2225 Scis
1873 2149 2053 2220 interdum
2068 2150 2238 2240 prodesse

1244 2246 1331 2324 haec
1342 2252 1474 2324 comica
1490 2252 1651 2327 consilia.
1694 2249 1801 2324 Dices
1817 2266 1933 2330 autem
1950 2249 2076 2336 matri,
2095 2273 2151 2322 me
2166 2251 2235 2321 bo·

297 2347 352 2423 lle
375 2345 483 2418 initio
509 2341 667 2418 Romani
690 2343 777 2414 anni
801 2341 891 2414 stltO
912 2340 1058 2414 livium
1087 2339 1126 2410 3¹¹
1149 2364 1191 2412 00
1244 2378 1292 2424 no
1308 2354 1457 2424 consilio
1482 2349 1701 2428 hortatorem
1718 2355 1842 2436 luisse,
1867 2366 1908 2426 ut
1926 2351 2102 2424 voluntati
2123 2354 2236 2446 patris

197 2456 279 2524 loco
293 2453 337 2523 de
351 2449 457 2523 initio
473 2441 681 2520 Consularis
696 2445 967 2538 gubernationis
984 2459 1072 2517 tunc
1091 2443 1192 2513 lucu-
1244 2479 1327 2526 mog
1342 2470 1492 2550 pareret,

198 2571 274 2628 turn
290 2577 380 2641 csse,
405 2573 481 2623 nou
497 2551 541 2622 de
561 2547 691 2622 usitato
708 2547 796 2619 anni
818 2546 936 2618 initio.
987 2543 1087 2616 Bene
1103 2544 1191 2617 vale.

943 2659 1146 2760 Philippus·
1345 2603 1400 2678 De
1415 2606 1553 2700 Sponsa
1566 2567 1664 2679 illiue
1679 2605 1741 2702 qui
1756 2605 1862 2678 aliam
1877 2549 2101 2698 compressit,
2126 2606 2236 2677 velim

1244 2722 1280 2780 te
1308 2703 1403 2779 mibi·
1431 2710 1646 2801 siguificare,
1687 2732 1735 2779 an
1759 2709 1829 2780 alia
1855 2732 2053 2802 compressa
2080 2707 2126 2780 sit
2156 2725 2237 2802 post

1244 2811 1441 2904 sponsalia,
1466 2813 1562 2907 quod
1587 2813 1617 2882 si
1633 2812 1682 2882 ita
1699 2825 1770 2898 est,
1793 2824 1908 2904 potest
1929 2805 2016 2882 haee
2034 2825 2168 2905 petere,
2194 2827 2237 2884 ut

1244 2914 1314 2993 fiat
1327 2913 1534 2985 divortium.
1584 2913 1658 2986 Nec
1683 2914 1760 3005 cogi
1785 2927 1901 3007 potest
1923 2927 1963 2984 ut
1987 2913 2099 2984 invita
2122 2914 2238 2984 nubat

210 3039 276 3116 No·
292 3037 405 3115 0152·
1034 3047 1088 3108 17,
1108 3035 1174 3104 Im,
1245 3016 1317 3102 illi,
1350 3019 1413 3111 qui
1435 3015 1614 3087 iudicatur
1636 3017 1785 3088 adulter.
1842 3013 1919 3086 llac
1942 3017 1986 3086 de
2008 3039 2047 3086 re
2069 3016 2178 3085 velim
2201 3029 2237 3087 te

204 3139 418 3176 *em
1013 3131 1184 3162 Μ
1244 3112 1332 3187 mibi
1349 3119 1490 3210 planius
1503 3119 1667 3192 seribere.
1706 3117 1816 3191 Mitto
1832 3118 1996 3212 pagellas.
2034 3115 2133 3188 Bene
2147 3117 2239 3192 vele.

502 3238 580 3326 Ge,
610 3235 884 3352 Agricolae,
1245 3217 1314 3291 Die
1336 3221 1395 3296 17.
1411 3221 1577 3294 Ianuarii.
1605 3217 1716 3297 1557.

264 3417 349 3490 Epist.
364 3417 414 3474 tt».
428 3419 465 3473 ll.
486 3435 514 3490 p.
527 3417 662 3488 &ted
683 3413 773 3470 Lond-
792 3414 841 3471 lib.
855 3415 891 3471 ll.
910 3433 953 3488 ep.
967 3417 1050 3486 aas).
1071 3453 1106 3468 ...
1139 3421 1191 3480 nie

299 3507 329 3546 er
348 3488 515 3562 autographo
534 3487 564 3542 iu
582 3487 644 3544 cod.
663 3484 746 3542 Goth.
765 3487 826 3542 too.

1985 3318 2185 3415 Philippus.

196 3603 406 3742 Georgio
435 3641 706 3742 Agricolae,
729 3642 959 3739 gubernanti
975 3643 1104 3720 studio
1124 3646 1189 3722 do-

196 3747 335 3820 ttrinne
352 3748 392 3823 in
410 3745 552 3846 inclyta
571 3745 658 3818 arbe
675 3741 820 3833 Norici,
839 3746 876 3818 A
881 3745 1034 3848 nrberg
1042 3775 1077 3839 a,
1096 3751 1187 3854 fra.

557 3849 609 3920 tri
624 3873 692 3922 sno
708 3847 837 3924 curiss.

1258 3715 1324 3790 No.
1343 3715 1456 3792 6153.

1512 3904 1711 4016 (Petitio
1740 3897 1971 4013 eleenme.)
2050 3907 2057 3922 '

195 3983 245 4078 S.
267 3993 315 4074 D.
361 3993 568 4070 Clarissime
582 3998 658 4084 vir,
678 4012 713 4070 et
726 3992 931 4071 charissime
948 3975 1077 4074 letter:

1310 4083 1417 4156 stepo
1431 4083 1505 4154 pust.
1523 4079 1648 4138 wirne.
1663 4080 1697 4138 r.
1713 4081 1759 4138 tn.
1773 4099 1800 4152 p.
1814 4081 1884 4136 491³.

271 4121 342 4207 lpse
356 4120 440 4187 Deus
452 4128 590 4208 sepiens,
616 4126 707 4186 verbo
724 4129 778 4208 qul
794 4139 902 4188 cuncte
916 4134 1037 4204 creavit,

321 4223 464 4290 &urus
478 4247 591 4290 mm
604 4229 721 4308 tegibus
732 4230 776 4287 ¹¹⁰
790 4227 884 4304 iubet,
1512 4235 1647 4312 Petilio
1675 4235 1954 4334 Eleemosynae.

268 4325 406 4410 Efficiet,
432 4331 520 4392 uobis
536 4333 658 4392 veniens
671 4334 710 4391 sit
724 4331 840 4392 l‘eustm
853 4343 889 4392 ut
903 4349 1012 4418 annus,

317 4429 459 4516 Protegat
473 4445 503 4496 et
520 4432 623 4495 dextre
635 4445 725 4525 tepus
738 4445 867 4517 tuosque
881 4453 945 4498 sue.

270 4529 310 4596 Et
324 4541 468 4620 quoniam
483 4549 607 4617 gustum
620 4539 719 4613 misit,
741 4541 796 4619 qul
811 4539 933 4618 colliget
951 4558 1072 4620 egmeu,

321 4633 417 4702 cuius
437 4643 477 4702 sit
492 4637 615 4716 doctor,
640 4643 720 4715 rite,
742 4653 911 4724 caputque,
938 4633 1037 4720 λόγος.

268 4735 329 4800 llic
343 4736 437 4822 λόγος
448 4751 568 4806 aeterno
585 4753 672 4802 natus
685 4723 793 4819 Patre,
819 4762 939 4824 semper
955 4741 1068 4823 adesse,

316 4837 357 4904 Et
373 4855 473 4906 oustm
486 4845 574 4905 nobie
588 4855 618 4906 et
632 4855 722 4926 oeput
738 4865 801 4906 esre
815 4847 900 4908 velit·

265 4937 393 5008 Viribus
406 4945 546 5010 humenis
558 4966 621 5007 non
639 4957 682 5008 est
695 4941 830 5008 Eoelesie
844 4959 919 5022 tutu,

316 5043 477 5131 Languida
488 5069 545 5110 uos
558 5048 696 5110 homines
710 5049 784 5132 quid
796 5051 854 5111 nisi
868 5067 964 5112 masse
980 5049 1111 5114 sumus?

263 5143 325 5214 Sed
339 5167 471 5214 bosnam
483 5151 617 5214 indueris
630 5173 700 5213 oum
714 5155 790 5213 miro
811 5151 933 5214 foedere
947 5169 1077 5229 earnem,

315 5250 412 5318 Gnate
427 5251 503 5328 Dei,
528 5275 645 5336 semper
661 5275 717 5316 nos
730 5265 783 5315 tue
805 5259 937 5317 membre
948 5274 1050 5333 regas:

262 5351 302 5419 El
314 5357 405 5420 mm
420 5371 519 5420 mum
531 5378 588 5420 ¹¹⁰⁸
601 5377 699 5419 mmm
712 5367 747 5418 ”t
761 5359 853 5420 ’imm
869 5364 901 5419 in
916 5377 1036 5435 ’ΜΨ
1263 5410 1293 5478 a)
1313 5406 1360 5464 Est
1380 5407 1477 5462 lacuna
1498 5405 1527 5462 iu
1546 5401 1733 5490 autographo,
1757 5409 1788 5456 et
1806 5401 1907 5458 oblitus
1928 5411 1967 5458 est
1984 5401 2054 5462 Plril.
2076 5421 2226 5484 numerum

310 5455 392 5520 Vera
405 5461 494 5524 leude
507 5473 576 5524 tuus
593 5480 654 5545 quo
668 5460 832 5530 celebretur
847 5461 956 5526 honus.
1206 5546 1208 5554 Ι
1298 5477 1527 5534 toaetrimtcorum
1541 5475 1703 5530 meurberc-

1238 4367 1377 4452 lnclidit
1408 4375 1505 4450 Deus
1536 4373 1698 4476 oropyelc
1728 4369 1886 4448 humano
1918 4377 2058 4468 generi,
2091 4394 2130 4449 ut
2161 4383 2235 4450 sint

1239 4480 1584 4554 commonefactriees
1611 4483 1655 4548 de
1683 4503 1748 4548 suo
1781 4503 1901 4550 amore
1928 4502 2008 4569 erga
2036 4477 2167 4550 Filium
2196 4499 2233 4554 et

1237 4608 1318 4676 erga
1340 4609 1415 4659 nos.
1466 4582 1520 4657 Ac
1542 4595 1660 4652 motus
1687 4581 1740 4650 illi
1765 4583 1855 4652 tanti
1872 4597 1974 4670 sunt,
2002 4595 2042 4652 ut
2056 4597 2135 4672 post
2149 4607 2233 4653 sen—

1236 4710 1313 4758 sum
1339 4687 1412 4758 irae
1434 4682 1502 4756 Dei
1525 4709 1600 4756 non
1621 4683 1668 4756 sit
1682 4681 1796 4752 maior
1813 4685 1917 4755 dolor
1934 4685 1972 4753 in
1995 4679 2153 4756 humano
2168 4711 2233 4776 pe-

1235 4804 1350 4876 ctore,
1376 4813 1482 4884 quam
1508 4787 1557 4874 is,
1586 4811 1693 4881 quem
1719 4801 1880 4878 parentes
1897 4784 2057 4858 sentiunt
2074 4787 2111 4856 in
2135 4789 2233 4858 cala-

1234 4891 1356 4964 mitate
1380 4891 1523 4962 sobolis.
1581 4885 1723 4960 Accidit
1745 4902 1861 4958 autem
1890 4889 1929 4956 in
1960 4887 2096 4958 familia
2122 4883 2231 4960 huius

1233 4993 1301 5062 viri
1338 4988 1582 5091 Wolsgnngi
1608 4985 1860 5061 Lanbmnnni
1885 4987 2069 5060 Curieusis
2102 4991 2232 5082 ingens

1232 5095 1434 5182 calamitas,
1463 5097 1563 5188 quod
1587 5095 1683 5167 filius
1710 5107 1816 5166 natus
1839 5115 1954 5162 annus
1981 5115 2129 5180 novem,
2164 5097 2230 5189 qui
