4748 6180
731 223 1172 314 Ermuoutnum

276 400 341 458 Esse
359 401 539 476 sperabamus
555 400 667 472 prolum
688 395 814 472 eastun,
845 455 847 460 ,

276 469 388 526 Utinam
408 489 464 526 non
483 469 622 526 uideamus
641 461 763 536 Saulem,

278 541 389 594 ltensee
409 540 483 611 quod
505 537 604 594 diceris
621 537 667 606 ris,

278 607 314 662 Et
331 610 384 662 orit
401 623 457 680 par
468 607 613 678 utrinque,
641 613 671 658 ut
688 603 736 660 ris.

279 677 414 744 Martios,
438 680 515 736 {teter
530 677 665 743 Domine,

280 747 323 800 Da
342 747 421 800 nobis
440 749 535 800 vinum
553 745 657 810 bibere,

280 817 418 886 Magnum
438 815 591 868 Martinum
611 813 731 868 Martius
749 829 807 884 age,

281 885 421 938 Poedones
440 882 610 939 Dalmaticos
630 881 700 954 luge.

281 958 317 1008 At
335 965 380 1022 tu,
404 952 570 1022 Westpbale
613 948 797 1020 Westpbrlus
814 966 844 1002 es

281 1022 398 1092 Semper
416 1033 445 1076 tu
464 993 655 1092 thstpbslus
674 1037 775 1075 mansa.

281 1091 375 1146 Pudor
392 1091 426 1144 sit
445 1110 491 1144 sos
509 1108 566 1144 esse
583 1091 685 1160 legatos

281 1159 386 1214 Pudice
406 1159 509 1230 lllyrici
528 1167 557 1210 ut
575 1172 662 1214 natos.

282 1230 325 1282 ne
343 1226 444 1282 inlecta
463 1228 576 1281 doraum
593 1227 680 1282 redite

280 1298 375 1352 Musas
392 1298 479 1351 bonas
498 1313 554 1349 non
572 1293 712 1368 impedite.

282 1366 525 1504 litlttltttl‘t
543 1361 789 1488 tutillam

287 1503 375 1576 Λόγῳ
393 1501 446 1557 Dei
466 1453 619 1570 inimicam,
662 1562 667 1568 ,
712 1467 721 1500 l

283 1571 518 1644 Tranquillitstem
537 1573 675 1644 publicam

282 1641 421 1698 Ecclesiae
440 1659 535 1694 aureae
557 1657 651 1710 pacem
746 1651 750 1660 “

282 1711 467 1778 Turbsotem,
493 1717 520 1762 et
538 1721 568 1763 ut
586 1708 675 1762 lacem

284 1779 319 1834 Et
337 1779 443 1832 fontem
464 1778 552 1831 omnis
572 1775 685 1846 dissidii,

287 1849 380 1922 Quem
399 1857 475 1904 sanet
494 1857 590 1902 auctor
608 1847 697 1900 omnis
715 1841 791 1899 boni.

466 2023 874 2040 W

183 2159 250 2230 No.
263 2157 378 2230 6173.

191 2254 364 2288 Μ

1011 2166 1068 2232 96.
1082 2157 1147 2222 Ιιιι.

999 2249 1172 2280 w

267 2327 698 2460 Mugdeburgertees
723 2343 790 2430 od
819 2341 947 2429 Post.
975 2331 1095 2430 Suu.

252 2507 275 2579 †
297 2505 336 2560 Er
355 2507 431 2562 Actis
449 2516 567 2562 tentatae
586 2506 719 2579 pacificat.
737 2509 765 2562 in
790 2507 852 2562 eod.
873 2504 945 2560 Galli
963 2507 985 2561 Ι.
1010 2505 1117 2628 pm.
1141 2481 1194 2551 ss..'

285 2576 369 2630 Mane
387 2576 486 2646 scripta
505 2585 545 2628 est
563 2577 629 2632 baec
647 2577 777 2646 epistola,
802 2577 871 2630 baud
888 2575 996 2628 dubiea
1033 2575 1104 2630 lacio
1117 2573 1176 2646 ipso

285 2655 430 2716 antequam
448 2643 589 2700 redierunt
606 2654 633 2700 et
650 2645 820 2701 advenerunt
839 2645 912 2698 Post.
928 2643 1065 2702 Saronici.

297 2797 625 2885 (Magdcburgessses
646 2801 754 2881 legati
773 2801 820 2862 ud
841 2800 1064 2884 mediatores.)

184 2908 233 2997 S·
274 2937 443 2998 Reverendi
464 2938 494 2994 in
518 2937 632 2995 Christo
654 2947 762 3016 patres.
806 2934 874 2996 Non
897 2949 1009 2997 tantum
1031 2956 1084 2996 nos
1106 2955 1176 2995 con-

184 3027 279 3084 tristet
300 3025 430 3101 priorum
451 3023 563 3080 dierrrm
584 3021 638 3081 eh.
652 3025 808 3100 asperitas,
837 3024 881 3080 ina
901 3035 933 3082 et
954 3024 1104 3082 teterrima
1118 3023 1176 3079 lm-

186 3109 382 3187 poenitentia,
410 3108 463 3166 sed
484 3109 573 3168 etiam
593 3107 733 3168 hesterna
750 3109 911 3186 petulmrtia
929 3119 961 3166 et
974 3109 1178 3167 maledicentia

184 3197 214 3252 in
237 3194 351 3270 publica
372 3194 508 3250 cendone
530 3193 625 3270 palam
647 3193 677 3249 in
699 3213 754 3265 nos
773 3193 881 3268 effusa,
916 3194 964 3253 ubi
987 3203 1068 3256 certe
1092 3193 1176 3252 audi-

186 3299 265 3354 mus,
292 3279 370 3336 inter
391 3277 448 3335 alia
469 3277 588 3355 quidem
608 3277 678 3334 alios
699 3280 762 3336 sine
778 3279 910 3353 nomine,
932 3279 984 3337 sed
998 3274 1177 3360 Illyricum

185 3364 353 3422 nominatim
388 3363 530 3422 mendacii
563 3375 727 3420 accusatum
756 3381 790 3420 ac
823 3364 1000 3422 nebulonem
1034 3374 1175 3424 vocatum.

185 3449 271 3517 Quod
300 3447 431 3525 profecto
459 3447 524 3504 lieri
549 3466 607 3504 non
637 3457 732 3523 potest
763 3449 836 3526 sine,
855 3448 1004 3506 voluntate
1033 3448 1105 3524 Pa,
1139 3447 1176 3506 ad

185 3535 266 3594 cuius
288 3533 466 3600 voluntatem
488 3549 521 3590 se
542 3532 588 3589 isti
609 3532 776 3610 inflectunt,
805 3533 912 3611 quique
935 3543 965 3592 et
986 3533 1016 3592 in
1038 3533 1092 3592 hac
1114 3534 1176 3609 ipsa

186 3620 322 3678 concione
352 3635 449 3678 cot-arn
477 3615 542 3675 suit.
591 3617 651 3674 lam
679 3638 731 3676 nos
758 3636 815 3676 non
845 3629 957 3678 tautum
978 3619 1033 3676 ista
1053 3617 1177 3676 maledi-

187 3704 281 3762 centia
304 3702 380 3760 male
398 3702 501 3778 habet,
530 3718 606 3780 quae
627 3720 705 3761 nuno
717 3704 748 3762 in
763 3705 854 3761 amica
869 3703 1066 3781 pacificatione
1078 3713 1178 3760 eorum

187 3807 303 3848 ornnem
337 3787 515 3864 aequitatem
550 3795 581 3846 et
615 3786 824 3846 humanitatem
857 3790 888 3846 in
912 3798 977 3874 'nos
996 3785 1199 3862 effunditur,

189 3875 297 3952 quique
330 3889 370 3931 ne
399 3873 423 3930 si
458 3871 576 3950 quidem
605 3889 675 3931 vere
704 3873 843 3935 haeretici
872 3889 1001 3931 essemus
1030 3875 1093 3932 iure
1123 3871 1178 3930 hoc

188 3969 321 4036 tempore
342 3959 373 4016 in
394 3975 446 4015 nos
466 3957 633 4032 oblaterari,
666 3976 752 4035 quarn
771 3957 849 4036 quod
870 3977 928 4016 non
950 3955 1082 4018 ridemus
1104 3975 1177 4033 quo-

188 4043 273 4102 modo
294 4043 343 4121 pia
363 4060 423 4120 pax
445 4061 510 4100 cum
531 4052 590 4102 tam
611 4042 776 4118 hostilibus,
812 4043 958 4102 cornsnotis
979 4061 1013 4100 ac
1032 4042 1177 4120 impoeni-

189 4129 315 4187 tentibus
336 4129 437 4186 animis
459 4127 538 4186 nobis
559 4129 715 4186 convenire
737 4137 787 4185 aut
807 4125 942 4186 constitui
965 4128 1063 4206 possit.

271 4213 356 4271 Talia
383 4214 496 4290 impura
525 4213 679 4271 maledicta
706 4213 797 4270 inulta
824 4213 854 4270 in
882 4229 932 4270 ros
960 4229 993 4268 ac
1023 4209 1093 4270 alios
1114 4211 1178 4270 sine

188 4297 273 4356 modo
294 4315 327 4356 ac
348 4298 408 4356 fine
427 4299 456 4355 in
471 4297 591 4374 publicis
603 4297 784 4374 concionibus
799 4316 832 4356 ac
844 4297 1012 4372 lectionibus
1028 4305 1086 4354 toto
1101 4314 1177 4354 anno

1222 225 1330 308 Lln.
1350 226 1461 310 ,xlta
1508 223 1664 306 soen&
2044 162 2048 168 Ι
2166 239 2248 314 52·

1219 401 1396 462 mediatores
1421 417 1482 482 non
1510 404 1721 470 emotisdmnin
1749 401 2085 484 transmittentium,
2115 417 2218 470 tamen

1220 489 1283 546 sine
1303 488 1382 546 omni
1397 487 1501 546 indicio
1523 505 1626 548 mosae
1639 507 1738 566 ,agere
1760 508 1819 548 non
1842 501 1971 568 possunt.
2015 496 2100 571 agite
2115 495 2217 574 itaque

1220 573 1251 630 in
1273 572 1381 630 domini
1403 574 1536 650 nornine,
1563 583 1682 634 moneto
1703 574 1813 650 libere,
1840 586 1872 636 et
1892 579 2005 652 arguite
2026 581 2081 638 ista
2100 581 2217 658 impoe-

1222 659 1345 718 nitentia
1367 655 1472 732 oorda,
1493 668 1526 716 nt
1547 659 1644 736 agnita
1665 659 1753 738 culpa
1774 677 1807 718 ac
1828 661 1871 720 irs
1892 663 1948 720 Dei
1970 665 2084 722 omnino
2105 667 2217 724 remol-

1221 743 1349 818 lescant,
1383 751 1585 819 conterantur,
1619 750 1651 802 et
1678 755 1900 822 convertantur,
1934 767 1991 824 quo
2019 750 2116 826 aliqua
2137 751 2218 808 chri-

1222 828 1314 886 stiana
1341 845 1400 905 pax
1422 827 1496 886 -iniri
1523 827 1621 907 possit.
1671 829 1785 906 Urgete
1801 831 1874 890 istas
1896 834 2077 909 corruptelas
2097 852 2116 892 a
2135 837 2220 894 nobis

1222 914 1330 972 missas·
1381 911 1615 988 adiaphousmns
1644 929 1746 974 eorum
1775 917 1827 973 toti
1856 917 1916 974 orbi
1937 915 2033 976 sermo
2054 917 2110 978 fnit
2132 932 2221 978 noto-

1223 998 1295 1071 rius,
1330 996 1439 1074 quippe
1467 1015 1521 1074 per
1551 1016 1639 1075 quern
1666 998 1798 1058 infinitae
1818 999 1966 1060 Ecclesiae
1993 1005 2156 1064 canuerint
2184 1018 2220 1064 et

1223 1082 1409 1142 conciderint.
1454 1083 1543 1141 Forte
1559 1083 1691 1142 dominns
1706 1084 1784 1142 debit
1799 1084 2047 1164 benedictionem,
2075 1099 2121 1164 ut,
2143 1091 2222 1149 sicin

1224 1167 1328 1226 Saulru
1350 1165 1436 1226 hodie
1449 1163 1479 1246 *)
1500 1186 1656 1226 conversus
1678 1176 1738 1242 est,
1759 1169 1815 1248 ipsi
1836 1189 1952 1248 quoque
1972 1173 2127 1250 aliquando
2144 1195 2221 1233 corr·

1223 1261 1391 1327 rcrtantur,
1414 1261 1444 1310 et
1466 1251 1504 1309 de
1526 1253 1613 1310 tantis
1633 1255 1758 1330 peccatis
1773 1255 1979 1331 poenitentiam
1993 1268 2098 1334 agant,
2120 1259 2221 1336 sicque

1224 1347 1255 1394 et
1284 1353 1315 1394 se
1343 1344 1375 1392 et
1401 1337 1472 1394 alios
1499 1355 1516 1394 a
1538 1349 1661 1396 ventura
1688 1340 1731 1396 ira
1750 1339 1806 1396 Dei
1834 1339 1864 1398 in
1892 1337 1946 1398 hac
1974 1353 2005 1400 et
2031 1339 2130 1402 sutura
2160 1345 2221 1403 rita

1224 1420 1359 1480 liberent.
1409 1419 1544 1499 Alioquin
1572 1424 1595 1480 si
1623 1433 1682 1481 tarn
1709 1423 1850 1482 induratis
1879 1435 1909 1482 et
1931 1423 2059 1484 efferatis
2079 1427 2220 1505 indulge·

1225 1507 1332 1580 bbnrrs,
1367 1516 1398 1564 et
1423 1506 1490 1564 illos
1511 1517 1542 1566 et
1564 1527 1617 1566 nos
1638 1519 1669 1566 et
1690 1507 1760 1566 alios
1780 1518 1811 1566 et
1832 1509 1951 1568 demum
1971 1511 2061 1587 ipsam
2083 1515 2138 1571 Dei
2160 1515 2220 1572 Ec-

1226 1592 1341 1650 clesiam
1362 1609 1397 1650 ac
1418 1592 1620 1652 maturrimam
1641 1610 1756 1652 causam
1777 1603 1886 1651 tetrum
1907 1595 1937 1650 in
1959 1595 2076 1654 modum
2096 1609 2220 1674 pertar-

1226 1677 1362 1736 bebimus.
1407 1675 1486 1736 Haec
1507 1677 1653 1736 scribimus
1674 1678 1722 1756 pia
1743 1677 1935 1737 sollicitudine
1952 1682 2021 1737 moti
2036 1683 2066 1740 in
2082 1681 2137 1740 hac
2151 1699 2224 1760 gra-

1227 1763 1340 1819 vissima
1366 1779 1465 1836 carisa,
1500 1781 1559 1821 non
1586 1773 1619 1820 ut
1648 1764 1834 1840 abrumpatur
1862 1765 1952 1838 actio,
1990 1782 2066 1826 nere
2088 1767 2223 1827 deterior

1227 1847 1324 1923 aliqua
1344 1847 1374 1904 in
1395 1847 1526 1905 Ecclesia
1545 1849 1601 1906 Dei
1622 1849 1758 1907 laceratio
1777 1849 1906 1923 accidat,
1934 1849 1989 1908 sed
2009 1860 2041 1908 ut
2061 1851 2092 1908 in
2114 1855 2224 1914 timore

1228 1932 1335 1988 domini
1364 1933 1458 1990 omnia
1485 1942 1672 2009 peragantur.
1729 1933 1837 1992 blisum
1865 1933 1996 2010 prolecto
2026 1945 2086 2012 est,
2118 1938 2141 1995 si
2171 1959 2225 1996 ros

1225 2017 1281 2074 ista
1301 2027 1358 2074 tam
1382 2025 1457 2074 tetra
1479 2017 1671 2096 petulansque
1693 2019 1848 2076 virulentia
1868 2037 1902 2075 ac
1922 2018 2125 2080 maledicentia
2142 2041 2224 2082 nunc

1226 2101 1257 2167 in
1279 2101 1346 2178 ipsa
1362 2101 1558 2178 pacificatione
1579 2121 1638 2160 non
1660 2104 1828 2176 conturbet,
1863 2109 1929 2160 'carm
1950 2107 2038 2162 etiam
2057 2107 2088 2164 in
2110 2109 2223 2168 saevis·
2249 2115 2256 2128 '

1226 2187 1304 2244 sinus
1325 2187 1429 2260 bellis,
1451 2187 1567 2264 quando
1589 2187 1628 2246 de
1649 2205 1721 2265 pace
1741 2189 1836 2263 agiam
1855 2189 1987 2246 induciae
2008 2189 2083 2265 sint,
2111 2194 2222 2270 capita-

1227 2272 1317 2348 leque
1339 2272 1389 2345 sit,
1419 2272 1442 2328 si
1471 2273 1621 2349 quisquam
1643 2274 1725 2332 miles
1747 2273 1869 2332 alteram
1891 2285 2005 2349 partem
2027 2276 2088 2333 ulla
2109 2277 2221 2336 ratione

1227 2357 1327 2416 uiolet.
1361 2355 1468 2432 Magis
1496 2358 1584 2434 igitur
1605 2351 1763 2418 ἄσπονδον
1783 2351 1937 2437 no'lspsos',
1965 2377 2016 2416 seu
2039 2361 2217 2438 implacabile

1228 2441 1326 2500 odium
1351 2441 1399 2498 isti
1426 2459 1497 2518 erga
1526 2461 1578 2500 nos
1599 2453 1755 2514 exercent,
1789 2457 1875 2518 quam
1897 2446 2084 2502 cruentissimi
2105 2445 2214 2521 sibique

1228 2527 1351 2584 invicem
1372 2524 1556 2584 infensissimi
1576 2526 1675 2584 hostes
1694 2527 1723 2584 in
1745 2525 1889 2584 sororibus
1904 2527 1986 2585 huius
2002 2529 2099 2587 mundi
2112 2529 2214 2586 solent.

1228 2611 1369 2670 Dominus
1396 2611 1476 2668 lesus
1499 2629 1551 2668 nos
1572 2630 1632 2668 suo
1660 2612 1762 2688 spiritu
1790 2620 1888 2688 regat,
1924 2622 1955 2670 et
1978 2615 2158 2687 corroboret,
2185 2625 2219 2672 ut

1228 2705 1394 2754 constanter
1421 2711 1473 2770 ea,
1507 2713 1583 2772 qnae
1612 2714 1708 2754 coram
1734 2697 1824 2774 ipsius
1854 2697 1944 2754 oculis
1972 2707 2053 2756 recta
2082 2709 2163 2772 sunt,
2187 2699 2223 2755 in

1228 2781 1336 2840 nullius
1371 2779 1476 2836 faciem
1511 2781 1699 2855 respicientes
1735 2798 1825 2856 agere
1860 2790 1891 2839 et
1926 2799 2071 2862 peragere
2099 2784 2222 2860 possitis.

1228 2866 1356 2940 Corsici,
1384 2863 1437 2926 25.
1460 2865 1584 2924 Ianuarii
1604 2883 1682 2924 anno
1705 2863 1798 2928 1557.

1556 3071 1885 3092 m

1901 3248 1904 3256 ⁴
1941 3221 2228 3312 (camaena.)

1951 3323 2222 3358 W

1492 3501 1494 3508 Α
1585 3418 1863 3524 (Menona)
1893 3500 1898 3512 .

1298 3581 1321 3648 ἦ·
1337 3577 1375 3631 Es
1386 3579 1453 3634 sctis
1464 3559 1580 3634 tentabo
1594 3581 1832 3666 pacificationisin
1847 3583 1910 3640 cod.
1926 3582 1997 3668 Galli
2011 3585 2033 3644 l.
2048 3605 2073 3658 p.
2087 3587 2150 3642 218.

1228 3214 1295 3288 Νο.
1310 3213 1425 3292 6174.

1235 3311 1408 3342 m

1228 3733 1411 3816 (Namatio
1432 3753 1546 3798 smus
1567 3755 1654 3818 quoe
1677 3732 1844 3802 maleto
1866 3733 2224 3820 magdeburgensibus

1228 3832 1263 3884 et
1275 3817 1473 3885 Poscoribus
1493 3819 1586 3888 Sar.
1608 3831 1687 3884 omn
1708 3833 1787 3894 suut
1807 3823 2227 3910 t.25.setu.1aamrts.>

1229 3927 1282 4010 Ῑ).
1303 3952 1355 4015 25.
1377 3955 1502 4017 ianuarii
1529 3959 1606 4016 circa
1623 3967 1741 4034 tempus
1758 3929 1870 4019 'coense
1891 3959 2067 4020 bledi'atores
2089 3961 2230 4024 Sarromci

1229 4059 1347 4116 omues,
1371 4051 1506 4117 ,excepte
1528 4061 1585 4100 uno
1606 4038 2029 4125 metamaucenses,
2065 4047 2229 4126 Vitcberga

1229 4135 1374 4270 qiecqqrunt
1395 4126 1555 4196 Cosricuur·
1606 4123 1775 4190 Merliasss
1797 4129 1925 4207 ipsorum
1947 4134 2065 4190 nomine
2085 4131 2159 4192 baec
2177 4136 2228 4192 in-

1313 4294 1491 4354 Mediatores
1514 4299 1741 4376 omneescripta
1762 4299 1815 4358 sibi
1829 4298 1994 4359 afratribus
2006 4297 2122 4360 chariss.
2138 4306 2229 4362 missa

188 4384 280 4442 libere
302 4393 332 4441 et
352 4383 472 4460 impone
494 4381 704 4457 effunduntur,
731 4394 881 4442 ettamen
895 4381 1012 4440 interim
1027 4381 1177 4458 praeclare
1229 4381 1374 4458 accepisse
1402 4391 1433 4440 et
1461 4381 1623 4459 diligenter
1648 4383 1850 4462 perpendisse.
1895 4386 2025 4446 lamtn'
2053 4403 2101 4446 res
2129 4403 2228 4464 penes

188 4467 335 4542 dictitant,
356 4468 508 4545 accipimus
527 4467 663 4545 colaphos
679 4477 735 4524 etc.
779 4469 879 4535 Quare
894 4476 1015 4544 propter
1031 4465 1179 4524 dominum
1229 4465 1306 4542 ipsus
1334 4475 1442 4540 staret,
1478 4484 1510 4523 se
1535 4465 1644 4526 babere
1664 4468 1695 4525 in
1717 4479 1852 4545 promptu
1876 4469 1946 4546 quid
1966 4471 2121 4546 agendum
2135 4485 2229 4550 esset,

186 4554 282 4612 lesum
311 4572 361 4610 vos
384 4571 498 4612 oramus
519 4571 553 4610 ac
574 4554 769 4628 obsecramus,
798 4560 831 4608 ut
852 4551 1059 4628 recordamini,
1085 4549 1178 4628 aos*)
1229 4549 1282 4608 sed
1310 4567 1342 4610 se
1370 4550 1561 4610 mediatorum
1587 4551 1683 4613 ol'llcio
1704 4551 1797 4628 fungi.
1847 4553 1933 4621 Quod
1954 4554 2047 4629 igirnn
2062 4554 2099 4612 ad
2122 4575 2229 4616 eomu-

188 4639 454 4716 Magdeburgenses
475 4636 619 4714 professos
641 4655 721 4712 esse,
753 4653 868 4695 causam
889 4645 1017 4694 nostram
1039 4653 1103 4694 esse
1125 4653 1178 4693 re·
1229 4635 1325 4712 ptelas
1348 4635 1469 4710 attinet,
1490 4654 1522 4696 se
1544 4634 1761 4709 considerasse,
1783 4635 1861 4712 quod
1882 4637 1928 4696 isti
1948 4639 2229 4718 negofiwrlncipes

189 4734 278 4782 stram
305 4735 336 4782 et
357 4725 483 4782 omnium
494 4722 600 4781 Christi
621 4721 831 4800 Ecclesiamm,
864 4741 915 4780 ros
936 4737 1000 4781 esse
1022 4721 1104 4781 nobis
1123 4719 1179 4778 ad·
1230 4719 1315 4778 simul
1349 4720 1585 4793 involverentur,
1600 4714 1603 4722 ’
1618 4719 1727 4780 deinde
1756 4729 1845 4779 totam
1873 4721 2069 4786 actionemiis
2090 4725 2232 4786 exhibitis

187 4809 314 4885 iunctos,
342 4828 392 4868 vos
413 4817 526 4867 nostros
548 4807 660 4865 labores
680 4807 803 4883 probare
826 4817 857 4864 et
877 4825 931 4884 pro
952 4806 986 4864 iis
1007 4806 1088 4862 nolis
1110 4822 1178 4880 gra·
1230 4805 1382 4881 abruptam
1410 4805 1454 4862 iri.
1509 4803 1579 4864 Ideo
1605 4821 1642 4862 re
1670 4805 1750 4864 beno
1768 4803 2063 4868 calumniatorum
2085 4809 2231 4886 quosdam
2258 4828 2260 4837 ·

187 4896 240 4952 tias
262 4911 359 4972 agere.
415 4893 549 4970 Cogitate
572 4891 659 4948 ctiam
679 4891 871 4952 mediatorum
891 4889 1016 4950 osfinum
1038 4905 1118 4964 esse,
1148 4900 1179 4947 et
1230 4891 1355 4949 maxime
1381 4883 1508 4966 insignes
1536 4887 1670 4949 articulos
1696 4889 1735 4948 de
1762 4888 1962 4951 iustificatione
1985 4885 2151 4972 Pttttppo
2173 4896 2229 4954 ob·

186 4981 357 5056 praesertim
378 4979 407 5036 in
430 4977 485 5037 hac
506 4975 673 5051 gravissima
693 4993 778 5032 canna
799 4975 887 5055 ipsius
901 4975 957 5034 Dei
973 4983 1004 5034 et
1019 4974 1179 5050 Ecclesiae,
1230 4966 1304 5036 latos
1331 4991 1413 5050 esse,
1448 4983 1479 5032 et
1507 4971 1626 5034 taudem
1645 4989 1710 5032 rem
1730 4990 1767 5034 eo
1785 4971 1960 5051 deductam,
1987 4985 2020 5038 ut
2042 4971 2229 5058 Ptttsppn

183 5055 323 5143 'utrasque
351 5073 450 5142 partes
480 5077 617 5133 monere,
653 5053 837 5135 ubi'eruent,
861 5057 915 5120 'ubi
935 5061 1043 5123 iniuste
1061 5057 1179 5135 ludant,
1230 5057 1414 5133 direrit,‚,se
1436 5053 1571 5118 articulos
1590 5058 1810 5136 amplexurum,
1832 5070 2024 5121 veruntamen
2042 5063 2231 5126 instaurem

185 5149 286 5208 audire
300 5151 435 5224 rationes,
458 5157 488 5206 et
503 5144 655 5204 contrade
670 5146 794 5204 veritate
808 5147 923 5222 docere,
943 5145 1180 5222 bostaripartem
1231 5143 1472 5216 declarationem
1507 5143 1585 5222 quod
1612 5143 1635 5200 si
1665 5155 1820 5220 praeterea
1846 5143 1956 5222 aliquid
1983 5163 2091 5226 urgere
2112 5149 2230 5210 uellent

183 5235 434 5313 impoenitentem,
456 5233 559 5291 utDeo
571 5229 693 5312 gloriam
706 5231 986 5336 etreritattqtibuat.
1010 5231 1179 5292 Etsiamem
1231 5225 1568 5320 Msgdeburgepscs,sp
1590 5227 2028 5306 nilrilcmpliusconsensurrmi
2060 5233 2151 5294 isatis
2162 5247 2230 5294 esse

186 5357 411 5374 m

215 5430 244 5498 ¹)
261 5426 333 5482 God.
348 5425 421 5480 Galli
439 5443 504 5494 uos,
522 5424 597 5500 quod
611 5426 741 5480 mendum
755 5434 806 5480 est.

1235 5390 1238 5399 Α
1263 5369 1486 5495 *lssorlptbsst
1501 5437 1545 5496 sp.
1565 5366 1856 5483 ascendebas.
1921 5459 1926 5462 .
2106 5419 2115 5456 s
