<?xml version="1.0" encoding="UTF-8"?>
<!DOCTYPE html PUBLIC "-//W3C//DTD XHTML 1.0 Transitional//EN"
    "http://www.w3.org/TR/xhtml1/DTD/xhtml1-transitional.dtd">
<html xmlns="http://www.w3.org/1999/xhtml" xml:lang="en" lang="en">
 <head>
  <title>
</title>
<meta http-equiv="Content-Type" content="text/html;charset=utf-8" />
  <meta name='ocr-system' content='tesseract 3.04.00' />
  <meta name='ocr-capabilities' content='ocr_page ocr_carea ocr_par ocr_line ocrx_word'/>
</head>
<body>
  <div class='ocr_page' id='page_1' title='image "./philippimelanth06bindgoog_0332.png"; bbox 0 0 4738 6186; ppageno 0'>
   <div class='ocr_carea' id='block_1_1' title="bbox 228 280 303 364">
    <p class='ocr_par' dir='ltr' id='par_1_1' title="bbox 228 280 303 364">
     <span class='ocr_line' id='line_1_1' title="bbox 228 280 303 364; baseline -0.027 -2"><span class='ocrx_word' id='word_1_1' title='bbox 228 280 303 364; x_wconf 81' lang='grc'><strong><em>595</em></strong></span> 
     </span>
    </p>
   </div>
   <div class='ocr_carea' id='block_1_2' title="bbox 782 269 1226 535">
    <p class='ocr_par' dir='ltr' id='par_1_2' title="bbox 782 269 1226 535">
     <span class='ocr_line' id='line_1_2' title="bbox 782 269 1215 373; baseline -0.005 -21"><span class='ocrx_word' id='word_1_2' title='bbox 782 269 1215 373; x_wconf 67' lang='grc' dir='ltr'><strong>ΕΡΙβΤΟΒΑΒΠΜ</strong></span> 
     </span>
     <span class='ocr_line' id='line_1_3' title="bbox 1062 452 1226 535; baseline -0.037 -10"><span class='ocrx_word' id='word_1_3' title='bbox 1062 462 1120 525; x_wconf 79' lang='lat'><strong><em>20.</em></strong></span> <span class='ocrx_word' id='word_1_4' title='bbox 1141 452 1226 535; x_wconf 76' lang='lat' dir='ltr'><strong><em>Aug.</em></strong></span> 
     </span>
    </p>
   </div>
   <div class='ocr_carea' id='block_1_3' title="bbox 1052 543 1223 575">
    <p class='ocr_par' dir='ltr' id='par_1_3' title="bbox 1052 543 1223 575">
     <span class='ocr_line' id='line_1_4' title="bbox 1052 543 1223 575; baseline -0.023 0"><span class='ocrx_word' id='word_1_5' title='bbox 1052 543 1223 575; x_wconf 53' lang='lat' dir='ltr'><em>w</em></span> 
     </span>
    </p>
   </div>
   <div class='ocr_carea' id='block_1_4' title="bbox 309 651 973 902">
    <p class='ocr_par' dir='ltr' id='par_1_4' title="bbox 309 651 973 902">
     <span class='ocr_line' id='line_1_5' title="bbox 493 651 973 767; baseline -0.008 -28"><span class='ocrx_word' id='word_1_6' title='bbox 493 651 670 738; x_wconf 76' lang='lat' dir='ltr'><strong><em>Petilio</em></strong></span> <span class='ocrx_word' id='word_1_7' title='bbox 700 651 973 767; x_wconf 71' lang='lat' dir='ltr'><strong><em>eleemosyn.</em></strong></span> 
     </span>
     <span class='ocr_line' id='line_1_6' title="bbox 309 821 908 902; baseline -0.027 -15"><span class='ocrx_word' id='word_1_8' title='bbox 309 827 415 902; x_wconf 76' lang='lat' dir='ltr'><strong><em>Scripta</em></strong></span> <span class='ocrx_word' id='word_1_9' title='bbox 433 824 508 899; x_wconf 87' lang='lat' dir='ltr'><strong><em>publ.</em></strong></span> <span class='ocrx_word' id='word_1_10' title='bbox 526 823 560 880; x_wconf 83' lang='grc' dir='ltr'><strong>Τ.</strong></span> <span class='ocrx_word' id='word_1_11' title='bbox 576 821 625 878; x_wconf 92' lang='grc'><strong>111.</strong></span> <span class='ocrx_word' id='word_1_12' title='bbox 642 841 672 896; x_wconf 89' lang='lat' dir='ltr'><strong><em>p.</em></strong></span> <span class='ocrx_word' id='word_1_13' title='bbox 684 823 746 878; x_wconf 73' lang='lat' dir='ltr'><strong><em>tto.</em></strong></span> <span class='ocrx_word' id='word_1_14' title='bbox 781 821 908 894; x_wconf 68' lang='grc'><strong><em>(5555.)1</em></strong></span> 
     </span>
    </p>
   </div>
   <div class='ocr_carea' id='block_1_5' title="bbox 468 975 1017 1078">
    <p class='ocr_par' dir='ltr' id='par_1_5' title="bbox 468 975 1017 1078">
     <span class='ocr_line' id='line_1_7' title="bbox 468 975 1017 1078; baseline 0.007 -26"><span class='ocrx_word' id='word_1_15' title='bbox 468 975 645 1052; x_wconf 82' lang='lat' dir='ltr'><strong><em>Petilio</em></strong></span> <span class='ocrx_word' id='word_1_16' title='bbox 670 977 1017 1078; x_wconf 77' lang='lat' dir='ltr'><strong><em>Eleemosynae.</em></strong></span> 
     </span>
    </p>
   </div>
   <div class='ocr_carea' id='block_1_6' title="bbox 174 1121 1244 3868">
    <p class='ocr_par' dir='ltr' id='par_1_6' title="bbox 192 1121 1243 3266">
     <span class='ocr_line' id='line_1_8' title="bbox 244 1121 1235 1212; baseline -0.012 0"><span class='ocrx_word' id='word_1_17' title='bbox 244 1121 359 1212; x_wconf 79' lang='lat' dir='ltr'><strong><em>Scitis</em></strong></span> <span class='ocrx_word' id='word_1_18' title='bbox 388 1155 511 1204; x_wconf 89' lang='lat' dir='ltr'><strong><em>recens</em></strong></span> <span class='ocrx_word' id='word_1_19' title='bbox 543 1155 730 1202; x_wconf 89' lang='lat' dir='ltr'><strong><em>accensum</em></strong></span> <span class='ocrx_word' id='word_1_20' title='bbox 763 1154 837 1202; x_wconf 89' lang='lat' dir='ltr'><strong><em>esse</em></strong></span> <span class='ocrx_word' id='word_1_21' title='bbox 869 1123 1058 1203; x_wconf 76' lang='lat' dir='ltr'><strong><em>Comatam</em></strong></span> <span class='ocrx_word' id='word_1_22' title='bbox 1093 1127 1133 1200; x_wconf 92' lang='lat' dir='ltr'><strong><em>in</em></strong></span> <span class='ocrx_word' id='word_1_23' title='bbox 1166 1125 1235 1200; x_wconf 90' lang='lat' dir='ltr'><strong><em>hoc</em></strong></span> 
     </span>
     <span class='ocr_line' id='line_1_9' title="bbox 242 1229 1236 1328; baseline -0.01 -18"><span class='ocrx_word' id='word_1_24' title='bbox 242 1263 364 1310; x_wconf 88' lang='lat' dir='ltr'><strong><em>mense</em></strong></span> <span class='ocrx_word' id='word_1_25' title='bbox 379 1233 560 1326; x_wconf 80' lang='lat' dir='ltr'><strong><em>Augusto,</em></strong></span> <span class='ocrx_word' id='word_1_26' title='bbox 587 1258 691 1328; x_wconf 91' lang='lat' dir='ltr'><strong><em>quem</em></strong></span> <span class='ocrx_word' id='word_1_27' title='bbox 707 1229 823 1304; x_wconf 88' lang='lat' dir='ltr'><strong><em>adhue</em></strong></span> <span class='ocrx_word' id='word_1_28' title='bbox 838 1234 943 1305; x_wconf 90' lang='lat' dir='ltr'><strong><em>initio</em></strong></span> <span class='ocrx_word' id='word_1_29' title='bbox 962 1233 1077 1304; x_wconf 86' lang='lat' dir='ltr'><strong><em>noctis</em></strong></span> <span class='ocrx_word' id='word_1_30' title='bbox 1093 1233 1236 1325; x_wconf 91' lang='lat' dir='ltr'><strong><em>conspi-</em></strong></span> 
     </span>
     <span class='ocr_line' id='line_1_10' title="bbox 243 1333 1237 1428; baseline -0.01 -16"><span class='ocrx_word' id='word_1_31' title='bbox 243 1343 357 1412; x_wconf 81' lang='lat' dir='ltr'>cimus</span> <span class='ocrx_word' id='word_1_32' title='bbox 372 1341 439 1409; x_wconf 88' lang='lat' dir='ltr'><strong><em>suh</em></strong></span> <span class='ocrx_word' id='word_1_33' title='bbox 454 1361 553 1407; x_wconf 88' lang='lat' dir='ltr'><strong><em>coma</em></strong></span> <span class='ocrx_word' id='word_1_34' title='bbox 561 1335 760 1422; x_wconf 86' lang='lat' dir='ltr'><strong><em>Berenices,</em></strong></span> <span class='ocrx_word' id='word_1_35' title='bbox 783 1360 823 1406; x_wconf 89' lang='lat' dir='ltr'><strong><em>ac</em></strong></span> <span class='ocrx_word' id='word_1_36' title='bbox 836 1349 982 1428; x_wconf 89' lang='lat' dir='ltr'><strong><em>propter</em></strong></span> <span class='ocrx_word' id='word_1_37' title='bbox 996 1337 1143 1425; x_wconf 87' lang='lat' dir='ltr'><strong><em>figuram</em></strong></span> <span class='ocrx_word' id='word_1_38' title='bbox 1160 1333 1237 1404; x_wconf 90' lang='lat' dir='ltr'><strong><em>ensi</em></strong></span> 
     </span>
     <span class='ocr_line' id='line_1_11' title="bbox 244 1433 1237 1536; baseline -0.01 -22"><span class='ocrx_word' id='word_1_39' title='bbox 244 1443 397 1514; x_wconf 82' lang='lat' dir='ltr'><strong>similem</strong></span> <span class='ocrx_word' id='word_1_40' title='bbox 415 1433 542 1536; x_wconf 84' lang='grc' dir='ltr'><strong><em>ξιφίαν</em></strong></span> <span class='ocrx_word' id='word_1_41' title='bbox 555 1439 742 1508; x_wconf 88' lang='lat' dir='ltr'><strong><em>nominare</em></strong></span> <span class='ocrx_word' id='word_1_42' title='bbox 758 1461 958 1529; x_wconf 87' lang='lat' dir='ltr'><strong><em>possumus.</em></strong></span> <span class='ocrx_word' id='word_1_43' title='bbox 992 1436 1123 1508; x_wconf 90' lang='lat' dir='ltr'><strong><em>Mucro</em></strong></span> <span class='ocrx_word' id='word_1_44' title='bbox 1141 1436 1237 1506; x_wconf 86' lang='lat' dir='ltr'><strong><em>dire-</em></strong></span> 
     </span>
     <span class='ocr_line' id='line_1_12' title="bbox 245 1535 1237 1624; baseline -0.011 -7"><span class='ocrx_word' id='word_1_45' title='bbox 245 1559 322 1617; x_wconf 88' lang='lat' dir='ltr'><strong><em>ctus</em></strong></span> <span class='ocrx_word' id='word_1_46' title='bbox 347 1555 399 1613; x_wconf 91' lang='lat' dir='ltr'><strong><em>est</em></strong></span> <span class='ocrx_word' id='word_1_47' title='bbox 425 1564 547 1610; x_wconf 90' lang='lat' dir='ltr'><strong><em>versus</em></strong></span> <span class='ocrx_word' id='word_1_48' title='bbox 572 1552 690 1624; x_wconf 82' lang='lat' dir='ltr'><strong><em>ortum</em></strong></span> <span class='ocrx_word' id='word_1_49' title='bbox 711 1535 937 1624; x_wconf 89' lang='lat' dir='ltr'><strong><em>Brumalem‚</em></strong></span> <span class='ocrx_word' id='word_1_50' title='bbox 970 1539 1037 1610; x_wconf 90' lang='lat' dir='ltr'><strong><em>etsi</em></strong></span> <span class='ocrx_word' id='word_1_51' title='bbox 1067 1563 1141 1608; x_wconf 91' lang='grc'><strong><em>555</em></strong></span> <span class='ocrx_word' id='word_1_52' title='bbox 1172 1537 1237 1609; x_wconf 90' lang='grc'><strong><em>551</em></strong></span> 
     </span>
     <span class='ocr_line' id='line_1_13' title="bbox 244 1635 1237 1736; baseline -0.006 -21"><span class='ocrx_word' id='word_1_53' title='bbox 244 1661 384 1718; x_wconf 86' lang='lat' dir='ltr'><strong><em>tantum</em></strong></span> <span class='ocrx_word' id='word_1_54' title='bbox 408 1642 504 1734; x_wconf 80' lang='lat' dir='ltr'><strong><em>genti</em></strong></span> <span class='ocrx_word' id='word_1_55' title='bbox 528 1641 735 1711; x_wconf 69' lang='lat' dir='ltr'><strong><em>minitatur:</em></strong></span> <span class='ocrx_word' id='word_1_56' title='bbox 763 1642 845 1736; x_wconf 88' lang='lat' dir='ltr'><strong><em>quia</em></strong></span> <span class='ocrx_word' id='word_1_57' title='bbox 864 1641 985 1734; x_wconf 84' lang='lat' dir='ltr'><strong><em>regula</em></strong></span> <span class='ocrx_word' id='word_1_58' title='bbox 1014 1655 1081 1711; x_wconf 90' lang='lat' dir='ltr'><strong><em>est:</em></strong></span> <span class='ocrx_word' id='word_1_59' title='bbox 1115 1635 1237 1724; x_wconf 64' lang='grc' dir='ltr'>οὐδεὶς</span> 
     </span>
     <span class='ocr_line' id='line_1_14' title="bbox 246 1738 1237 1841; baseline -0.011 -20"><span class='ocrx_word' id='word_1_60' title='bbox 246 1739 428 1841; x_wconf 74' lang='grc' dir='ltr'><strong><em>κομήτης,</em></strong></span> <span class='ocrx_word' id='word_1_61' title='bbox 454 1739 555 1824; x_wconf 83' lang='grc' dir='ltr'><strong><em>ὅστις</em></strong></span> <span class='ocrx_word' id='word_1_62' title='bbox 571 1739 616 1815; x_wconf 84' lang='grc' dir='ltr'><strong><em>οὐ</em></strong></span> <span class='ocrx_word' id='word_1_63' title='bbox 633 1738 752 1815; x_wconf 86' lang='grc' dir='ltr'><strong><em>κακὸν</em></strong></span> <span class='ocrx_word' id='word_1_64' title='bbox 768 1739 881 1838; x_wconf 80' lang='grc' dir='ltr'><strong><em>φέρει.</em></strong></span> <span class='ocrx_word' id='word_1_65' title='bbox 934 1742 1095 1814; x_wconf 81' lang='lat' dir='ltr'><strong><em>Sciamus</em></strong></span> <span class='ocrx_word' id='word_1_66' title='bbox 1117 1743 1237 1832; x_wconf 86' lang='lat' dir='ltr'><strong><em>igitur,</em></strong></span> 
     </span>
     <span class='ocr_line' id='line_1_15' title="bbox 246 1845 1238 1936; baseline -0.009 -16"><span class='ocrx_word' id='word_1_67' title='bbox 246 1875 313 1920; x_wconf 90' lang='lat' dir='ltr'><strong><em>nos</em></strong></span> <span class='ocrx_word' id='word_1_68' title='bbox 335 1870 460 1918; x_wconf 85' lang='lat' dir='ltr'><strong><em>omnes</em></strong></span> <span class='ocrx_word' id='word_1_69' title='bbox 482 1845 639 1930; x_wconf 90' lang='lat' dir='ltr'><strong><em>moneri,</em></strong></span> <span class='ocrx_word' id='word_1_70' title='bbox 672 1858 713 1914; x_wconf 89' lang='lat' dir='ltr'><strong><em>ut</em></strong></span> <span class='ocrx_word' id='word_1_71' title='bbox 735 1857 895 1935; x_wconf 89' lang='lat' dir='ltr'><strong><em>petamus</em></strong></span> <span class='ocrx_word' id='word_1_72' title='bbox 919 1845 1073 1935; x_wconf 85' lang='lat' dir='ltr'><strong><em>mitigari</em></strong></span> <span class='ocrx_word' id='word_1_73' title='bbox 1095 1867 1238 1936; x_wconf 87' lang='lat' dir='ltr'><strong><em>poenas,</em></strong></span> 
     </span>
     <span class='ocr_line' id='line_1_16' title="bbox 192 1945 1238 2041; baseline 0 -25"><span class='ocrx_word' id='word_1_74' title='bbox 192 2009 196 2016; x_wconf 91' lang='grc'><em>,</em></span> <span class='ocrx_word' id='word_1_75' title='bbox 247 1968 303 2038; x_wconf 85' lang='grc'><strong><em>51,</em></strong></span> <span class='ocrx_word' id='word_1_76' title='bbox 329 1963 370 2020; x_wconf 86' lang='grc'><strong><em>51</em></strong></span> <span class='ocrx_word' id='word_1_77' title='bbox 382 1947 537 2041; x_wconf 85' lang='lat' dir='ltr'><strong><em>precatio</em></strong></span> <span class='ocrx_word' id='word_1_78' title='bbox 554 1948 601 2018; x_wconf 90' lang='lat' dir='ltr'><strong><em>sit</em></strong></span> <span class='ocrx_word' id='word_1_79' title='bbox 616 1947 816 2033; x_wconf 78' lang='lat' dir='ltr'><strong>ardentior,</strong></span> <span class='ocrx_word' id='word_1_80' title='bbox 840 1947 951 2017; x_wconf 91' lang='lat' dir='ltr'><strong><em>simus</em></strong></span> <span class='ocrx_word' id='word_1_81' title='bbox 966 1945 1128 2021; x_wconf 89' lang='lat' dir='ltr'><strong><em>modesti.</em></strong></span> <span class='ocrx_word' id='word_1_82' title='bbox 1160 1945 1238 2018; x_wconf 90' lang='lat' dir='ltr'><strong><em>Nu·</em></strong></span> 
     </span>
     <span class='ocr_line' id='line_1_17' title="bbox 247 2046 1239 2150; baseline -0.006 -27"><span class='ocrx_word' id='word_1_83' title='bbox 247 2077 313 2150; x_wconf 89' lang='lat' dir='ltr'><strong><em>per</em></strong></span> <span class='ocrx_word' id='word_1_84' title='bbox 335 2073 444 2142; x_wconf 81' lang='lat' dir='ltr'>pagus</span> <span class='ocrx_word' id='word_1_85' title='bbox 465 2049 605 2119; x_wconf 87' lang='lat' dir='ltr'><strong><em>vicinus</em></strong></span> <span class='ocrx_word' id='word_1_86' title='bbox 628 2047 794 2120; x_wconf 85' lang='lat' dir='ltr'><strong><em>incendio</em></strong></span> <span class='ocrx_word' id='word_1_87' title='bbox 825 2048 941 2140; x_wconf 86' lang='lat' dir='ltr'><strong><em>periit.</em></strong></span> <span class='ocrx_word' id='word_1_88' title='bbox 995 2046 1134 2120; x_wconf 87' lang='lat' dir='ltr'><strong><em>Nomen</em></strong></span> <span class='ocrx_word' id='word_1_89' title='bbox 1157 2046 1239 2140; x_wconf 82' lang='lat' dir='ltr'>pagi</span> 
     </span>
     <span class='ocr_line' id='line_1_18' title="bbox 250 2145 1239 2244; baseline -0.007 -18"><span class='ocrx_word' id='word_1_90' title='bbox 250 2169 302 2226; x_wconf 89' lang='lat' dir='ltr'><strong><em>est</em></strong></span> <span class='ocrx_word' id='word_1_91' title='bbox 324 2147 475 2222; x_wconf 81' lang='lat' dir='ltr'><strong><em>Berliiz</em></strong></span> <span class='ocrx_word' id='word_1_92' title='bbox 496 2175 516 2220; x_wconf 89' lang='lat' dir='ltr'><strong><em>a</em></strong></span> <span class='ocrx_word' id='word_1_93' title='bbox 537 2151 676 2235; x_wconf 89' lang='lat' dir='ltr'><strong><em>betula,</em></strong></span> <span class='ocrx_word' id='word_1_94' title='bbox 705 2145 884 2232; x_wconf 83' lang='lat' dir='ltr'><strong><em>Bircken,</em></strong></span> <span class='ocrx_word' id='word_1_95' title='bbox 910 2173 999 2244; x_wconf 89' lang='lat' dir='ltr'><strong><em>quae</em></strong></span> <span class='ocrx_word' id='word_1_96' title='bbox 1019 2147 1165 2220; x_wconf 89' lang='lat' dir='ltr'><strong><em>Graecis</em></strong></span> <span class='ocrx_word' id='word_1_97' title='bbox 1187 2162 1239 2219; x_wconf 87' lang='lat' dir='ltr'><strong><em>est</em></strong></span> 
     </span>
     <span class='ocr_line' id='line_1_19' title="bbox 250 2249 1238 2350; baseline -0.012 -20"><span class='ocrx_word' id='word_1_98' title='bbox 250 2249 421 2350; x_wconf 76' lang='grc' dir='ltr'><em>σημύδα,</em></span> <span class='ocrx_word' id='word_1_99' title='bbox 448 2277 538 2348; x_wconf 88' lang='lat' dir='ltr'><strong><em>quae</em></strong></span> <span class='ocrx_word' id='word_1_100' title='bbox 553 2252 666 2343; x_wconf 81' lang='lat' dir='ltr'><strong><em>gignit</em></strong></span> <span class='ocrx_word' id='word_1_101' title='bbox 680 2275 822 2323; x_wconf 87' lang='lat' dir='ltr'><strong><em>succum</em></strong></span> <span class='ocrx_word' id='word_1_102' title='bbox 838 2252 942 2321; x_wconf 86' lang='lat' dir='ltr'><strong><em>valde</em></strong></span> <span class='ocrx_word' id='word_1_103' title='bbox 958 2253 1137 2322; x_wconf 79' lang='lat' dir='ltr'><strong><em>salubrem</em></strong></span> <span class='ocrx_word' id='word_1_104' title='bbox 1152 2274 1238 2321; x_wconf 91' lang='lat' dir='ltr'><strong><em>con-</em></strong></span> 
     </span>
     <span class='ocr_line' id='line_1_20' title="bbox 248 2351 1240 2446; baseline -0.01 -15"><span class='ocrx_word' id='word_1_105' title='bbox 248 2374 303 2432; x_wconf 85' lang='lat' dir='ltr'><strong><em>tra</em></strong></span> <span class='ocrx_word' id='word_1_106' title='bbox 328 2357 501 2427; x_wconf 92' lang='lat' dir='ltr'><strong><em>calculum</em></strong></span> <span class='ocrx_word' id='word_1_107' title='bbox 523 2378 662 2429; x_wconf 92' lang='lat' dir='ltr'><strong><em>renum.</em></strong></span> <span class='ocrx_word' id='word_1_108' title='bbox 714 2351 758 2424; x_wconf 92' lang='grc'><strong><em>15</em></strong></span> <span class='ocrx_word' id='word_1_109' title='bbox 782 2377 823 2424; x_wconf 88' lang='grc'><strong><em>55</em></strong></span> <span class='ocrx_word' id='word_1_110' title='bbox 845 2375 935 2446; x_wconf 84' lang='lat' dir='ltr'><strong><em>pago</em></strong></span> <span class='ocrx_word' id='word_1_111' title='bbox 959 2368 993 2425; x_wconf 84' lang='lat' dir='ltr'><strong><em>et</em></strong></span> <span class='ocrx_word' id='word_1_112' title='bbox 1003 2352 1160 2424; x_wconf 88' lang='lat' dir='ltr'><strong><em>Pastoris</em></strong></span> <span class='ocrx_word' id='word_1_113' title='bbox 1173 2354 1240 2422; x_wconf 93' lang='grc'><strong><em>55-</em></strong></span> 
     </span>
     <span class='ocr_line' id='line_1_21' title="bbox 248 2449 1239 2548; baseline -0.006 -16"><span class='ocrx_word' id='word_1_114' title='bbox 248 2481 330 2532; x_wconf 87' lang='lat' dir='ltr'><strong><em>mus</em></strong></span> <span class='ocrx_word' id='word_1_115' title='bbox 352 2473 387 2530; x_wconf 89' lang='lat' dir='ltr'><strong><em>et</em></strong></span> <span class='ocrx_word' id='word_1_116' title='bbox 410 2452 598 2542; x_wconf 88' lang='lat' dir='ltr'><strong><em>horreum,</em></strong></span> <span class='ocrx_word' id='word_1_117' title='bbox 625 2468 660 2527; x_wconf 92' lang='lat' dir='ltr'><strong><em>et</em></strong></span> <span class='ocrx_word' id='word_1_118' title='bbox 681 2450 788 2527; x_wconf 88' lang='lat' dir='ltr'><strong><em>huius</em></strong></span> <span class='ocrx_word' id='word_1_119' title='bbox 803 2455 890 2526; x_wconf 88' lang='lat' dir='ltr'><strong><em>anni</em></strong></span> <span class='ocrx_word' id='word_1_120' title='bbox 910 2455 1029 2545; x_wconf 79' lang='lat' dir='ltr'><strong><em>fruges</em></strong></span> <span class='ocrx_word' id='word_1_121' title='bbox 1045 2449 1239 2548; x_wconf 70' lang='lat' dir='ltr'><strong><em>perierunt.</em></strong></span> 
     </span>
     <span class='ocr_line' id='line_1_22' title="bbox 250 2555 1241 2649; baseline -0.008 -15"><span class='ocrx_word' id='word_1_122' title='bbox 250 2562 336 2634; x_wconf 90' lang='lat' dir='ltr'><strong><em>Ideo</em></strong></span> <span class='ocrx_word' id='word_1_123' title='bbox 352 2583 415 2628; x_wconf 91' lang='lat' dir='ltr'><strong><em>vos</em></strong></span> <span class='ocrx_word' id='word_1_124' title='bbox 427 2555 630 2644; x_wconf 84' lang='lat' dir='ltr'><strong><em>hortamur,</em></strong></span> <span class='ocrx_word' id='word_1_125' title='bbox 654 2570 694 2628; x_wconf 90' lang='lat' dir='ltr'><strong><em>nt</em></strong></span> <span class='ocrx_word' id='word_1_126' title='bbox 707 2558 776 2628; x_wconf 87' lang='lat' dir='ltr'><strong><em>iam</em></strong></span> <span class='ocrx_word' id='word_1_127' title='bbox 793 2557 907 2648; x_wconf 80' lang='lat' dir='ltr'><strong><em>egenti</em></strong></span> <span class='ocrx_word' id='word_1_128' title='bbox 923 2581 1025 2649; x_wconf 90' lang='lat' dir='ltr'><strong><em>opem</em></strong></span> <span class='ocrx_word' id='word_1_129' title='bbox 1041 2558 1180 2642; x_wconf 83' lang='lat' dir='ltr'><strong><em>seratis,</em></strong></span> <span class='ocrx_word' id='word_1_130' title='bbox 1205 2569 1241 2626; x_wconf 89' lang='lat' dir='ltr'><strong><em>et</em></strong></span> 
     </span>
     <span class='ocr_line' id='line_1_23' title="bbox 250 2658 1241 2750; baseline -0.005 -15"><span class='ocrx_word' id='word_1_131' title='bbox 250 2665 291 2736; x_wconf 91' lang='lat' dir='ltr'><strong><em>in</em></strong></span> <span class='ocrx_word' id='word_1_132' title='bbox 308 2658 377 2732; x_wconf 91' lang='lat' dir='ltr'><strong><em>hoc</em></strong></span> <span class='ocrx_word' id='word_1_133' title='bbox 393 2660 509 2731; x_wconf 87' lang='lat' dir='ltr'><strong><em>officio</em></strong></span> <span class='ocrx_word' id='word_1_134' title='bbox 524 2659 712 2730; x_wconf 81' lang='lat' dir='ltr'><strong><em>exerceatis</em></strong></span> <span class='ocrx_word' id='word_1_135' title='bbox 728 2658 965 2750; x_wconf 78' lang='lat' dir='ltr'><strong><em>precationem</em></strong></span> <span class='ocrx_word' id='word_1_136' title='bbox 988 2661 1031 2728; x_wconf 89' lang='lat' dir='ltr'><strong><em>ad</em></strong></span> <span class='ocrx_word' id='word_1_137' title='bbox 1045 2661 1182 2742; x_wconf 89' lang='lat' dir='ltr'><strong><em>Deum,</em></strong></span> <span class='ocrx_word' id='word_1_138' title='bbox 1207 2670 1241 2730; x_wconf 88' lang='lat' dir='ltr'><strong><em>et</em></strong></span> 
     </span>
     <span class='ocr_line' id='line_1_24' title="bbox 250 2755 1241 2854; baseline -0.01 -17"><span class='ocrx_word' id='word_1_139' title='bbox 250 2767 375 2852; x_wconf 89' lang='lat' dir='ltr'><strong><em>fidem,</em></strong></span> <span class='ocrx_word' id='word_1_140' title='bbox 399 2775 434 2833; x_wconf 89' lang='grc'><strong><em>51</em></strong></span> <span class='ocrx_word' id='word_1_141' title='bbox 456 2785 570 2854; x_wconf 81' lang='lat' dir='ltr'><strong><em>spem3</em></strong></span> <span class='ocrx_word' id='word_1_142' title='bbox 595 2761 740 2852; x_wconf 89' lang='lat' dir='ltr'><strong><em>petatis,</em></strong></span> <span class='ocrx_word' id='word_1_143' title='bbox 765 2774 807 2831; x_wconf 91' lang='lat' dir='ltr'><strong><em>ut</em></strong></span> <span class='ocrx_word' id='word_1_144' title='bbox 826 2759 924 2830; x_wconf 88' lang='lat' dir='ltr'><strong><em>Deus</em></strong></span> <span class='ocrx_word' id='word_1_145' title='bbox 946 2761 1048 2832; x_wconf 88' lang='lat' dir='ltr'><strong><em>vobis</em></strong></span> <span class='ocrx_word' id='word_1_146' title='bbox 1070 2773 1105 2832; x_wconf 90' lang='lat' dir='ltr'><strong><em>et</em></strong></span> <span class='ocrx_word' id='word_1_147' title='bbox 1118 2755 1241 2830; x_wconf 81' lang='lat' dir='ltr'><strong><em>Eccle-</em></strong></span> 
     </span>
     <span class='ocr_line' id='line_1_25' title="bbox 252 2859 1240 2958; baseline -0.005 -21"><span class='ocrx_word' id='word_1_148' title='bbox 252 2868 324 2938; x_wconf 90' lang='lat' dir='ltr'><strong><em>siae</em></strong></span> <span class='ocrx_word' id='word_1_149' title='bbox 345 2887 476 2958; x_wconf 87' lang='lat' dir='ltr'><strong><em>poenas</em></strong></span> <span class='ocrx_word' id='word_1_150' title='bbox 498 2864 629 2948; x_wconf 87' lang='lat' dir='ltr'><strong><em>leniat,</em></strong></span> <span class='ocrx_word' id='word_1_151' title='bbox 663 2875 704 2932; x_wconf 92' lang='lat' dir='ltr'><strong><em>ut</em></strong></span> <span class='ocrx_word' id='word_1_152' title='bbox 720 2887 783 2932; x_wconf 92' lang='lat' dir='ltr'><strong><em>vos</em></strong></span> <span class='ocrx_word' id='word_1_153' title='bbox 803 2877 836 2932; x_wconf 91' lang='lat' dir='ltr'><strong><em>ct</em></strong></span> <span class='ocrx_word' id='word_1_154' title='bbox 850 2859 1044 2932; x_wconf 83' lang='lat' dir='ltr'><strong>Ecclesiam</strong></span> <span class='ocrx_word' id='word_1_155' title='bbox 1062 2874 1240 2952; x_wconf 58' lang='lat' dir='ltr'><strong><em>protegam</em></strong></span> 
     </span>
     <span class='ocr_line' id='line_1_26' title="bbox 252 2961 1241 3056; baseline -0.01 -16"><span class='ocrx_word' id='word_1_156' title='bbox 252 2981 288 3042; x_wconf 91' lang='lat' dir='ltr'><strong><em>et</em></strong></span> <span class='ocrx_word' id='word_1_157' title='bbox 300 2963 386 3038; x_wconf 86' lang='lat' dir='ltr'><strong><em>haec</em></strong></span> <span class='ocrx_word' id='word_1_158' title='bbox 408 2964 613 3043; x_wconf 79' lang='lat' dir='ltr'><strong><em>beneficiata</em></strong></span> <span class='ocrx_word' id='word_1_159' title='bbox 628 2962 705 3034; x_wconf 91' lang='lat' dir='ltr'><strong><em>Deo</em></strong></span> <span class='ocrx_word' id='word_1_160' title='bbox 726 2963 929 3056; x_wconf 73' lang='lat' dir='ltr'><strong><em>exspectetis</em></strong></span> <span class='ocrx_word' id='word_1_161' title='bbox 944 2975 1089 3055; x_wconf 92' lang='lat' dir='ltr'><strong><em>propter</em></strong></span> <span class='ocrx_word' id='word_1_162' title='bbox 1107 2961 1241 3034; x_wconf 81' lang='lat' dir='ltr'><strong><em>Filium</em></strong></span> 
     </span>
     <span class='ocr_line' id='line_1_27' title="bbox 252 3062 1241 3158; baseline -0.009 -18"><span class='ocrx_word' id='word_1_163' title='bbox 252 3071 531 3140; x_wconf 78' lang='lat' dir='ltr'><strong><em>intercessorem.</em></strong></span> <span class='ocrx_word' id='word_1_164' title='bbox 564 3063 613 3137; x_wconf 86' lang='lat' dir='ltr'><strong><em>Et</em></strong></span> <span class='ocrx_word' id='word_1_165' title='bbox 626 3062 692 3136; x_wconf 89' lang='lat' dir='ltr'><strong><em>hac</em></strong></span> <span class='ocrx_word' id='word_1_166' title='bbox 706 3088 768 3158; x_wconf 87' lang='lat' dir='ltr'><strong><em>spe</em></strong></span> <span class='ocrx_word' id='word_1_167' title='bbox 782 3065 888 3134; x_wconf 90' lang='lat' dir='ltr'><strong><em>erecti</em></strong></span> <span class='ocrx_word' id='word_1_168' title='bbox 906 3077 1122 3135; x_wconf 87' lang='lat' dir='ltr'><strong><em>mementote</em></strong></span> <span class='ocrx_word' id='word_1_169' title='bbox 1136 3063 1241 3133; x_wconf 88' lang='lat' dir='ltr'><strong><em>etiam</em></strong></span> 
     </span>
     <span class='ocr_line' id='line_1_28' title="bbox 253 3159 1243 3266; baseline -0.008 -26"><span class='ocrx_word' id='word_1_170' title='bbox 253 3171 509 3266; x_wconf 79' lang='lat' dir='ltr'><strong><em>gratitudinem</em></strong></span> <span class='ocrx_word' id='word_1_171' title='bbox 543 3190 623 3258; x_wconf 81' lang='lat' dir='ltr'><strong><em>erga</em></strong></span> <span class='ocrx_word' id='word_1_172' title='bbox 656 3167 772 3239; x_wconf 89' lang='lat' dir='ltr'><strong><em>Deum</em></strong></span> <span class='ocrx_word' id='word_1_173' title='bbox 806 3166 1054 3236; x_wconf 80' lang='lat' dir='ltr'><strong><em>declarandam</em></strong></span> <span class='ocrx_word' id='word_1_174' title='bbox 1079 3187 1153 3236; x_wconf 87' lang='lat' dir='ltr'><strong><em>esse</em></strong></span> <span class='ocrx_word' id='word_1_175' title='bbox 1185 3159 1243 3234; x_wconf 90' lang='lat' dir='ltr'><strong><em>his</em></strong></span> 
     </span>
    </p>

    <p class='ocr_par' dir='ltr' id='par_1_7' title="bbox 174 3265 1244 3770">
     <span class='ocr_line' id='line_1_29' title="bbox 253 3265 1244 3366; baseline -0.01 -20"><span class='ocrx_word' id='word_1_176' title='bbox 253 3272 506 3366; x_wconf 87' lang='lat' dir='ltr'><strong><em>eleemosynis,</em></strong></span> <span class='ocrx_word' id='word_1_177' title='bbox 530 3271 621 3340; x_wconf 89' lang='lat' dir='ltr'><strong><em>sicut</em></strong></span> <span class='ocrx_word' id='word_1_178' title='bbox 642 3269 813 3358; x_wconf 87' lang='lat' dir='ltr'><strong><em>scriptum</em></strong></span> <span class='ocrx_word' id='word_1_179' title='bbox 835 3279 903 3336; x_wconf 87' lang='lat' dir='ltr'><strong><em>est:</em></strong></span> <span class='ocrx_word' id='word_1_180' title='bbox 936 3267 1029 3338; x_wconf 91' lang='lat' dir='ltr'><strong><em>Date</em></strong></span> <span class='ocrx_word' id='word_1_181' title='bbox 1048 3279 1084 3338; x_wconf 91' lang='lat' dir='ltr'><strong><em>et</em></strong></span> <span class='ocrx_word' id='word_1_182' title='bbox 1098 3265 1244 3338; x_wconf 90' lang='lat' dir='ltr'><strong><em>dabitur</em></strong></span> 
     </span>
     <span class='ocr_line' id='line_1_30' title="bbox 174 3357 1242 3462; baseline -0.008 -15"><span class='ocrx_word' id='word_1_183' title='bbox 174 3357 179 3364; x_wconf 40' lang='lat'>¹</span> <span class='ocrx_word' id='word_1_184' title='bbox 252 3375 368 3446; x_wconf 82' lang='lat' dir='ltr'><strong><em>vobis.</em></strong></span> <span class='ocrx_word' id='word_1_185' title='bbox 416 3369 464 3442; x_wconf 85' lang='lat' dir='ltr'><strong><em>Et</em></strong></span> <span class='ocrx_word' id='word_1_186' title='bbox 477 3373 516 3442; x_wconf 91' lang='lat' dir='ltr'><strong><em>in</em></strong></span> <span class='ocrx_word' id='word_1_187' title='bbox 532 3371 685 3442; x_wconf 88' lang='lat' dir='ltr'><strong><em>secunda</em></strong></span> <span class='ocrx_word' id='word_1_188' title='bbox 701 3371 746 3440; x_wconf 91' lang='lat' dir='ltr'><strong><em>ad</em></strong></span> <span class='ocrx_word' id='word_1_189' title='bbox 764 3363 972 3438; x_wconf 88' lang='lat' dir='ltr'><strong><em>Corinthios</em></strong></span> <span class='ocrx_word' id='word_1_190' title='bbox 988 3369 1158 3462; x_wconf 85' lang='lat' dir='ltr'><strong><em>scriptum</em></strong></span> <span class='ocrx_word' id='word_1_191' title='bbox 1174 3383 1242 3440; x_wconf 87' lang='lat' dir='ltr'><strong><em>est:</em></strong></span> 
     </span>
     <span class='ocr_line' id='line_1_31' title="bbox 254 3469 1244 3568; baseline -0.006 -21"><span class='ocrx_word' id='word_1_192' title='bbox 254 3475 330 3567; x_wconf 87' lang='lat' dir='ltr'><strong><em>Qui</em></strong></span> <span class='ocrx_word' id='word_1_193' title='bbox 345 3473 547 3568; x_wconf 88' lang='lat' dir='ltr'><strong><em>suppeditat</em></strong></span> <span class='ocrx_word' id='word_1_194' title='bbox 566 3496 685 3543; x_wconf 84' lang='lat' dir='ltr'><strong><em>semen</em></strong></span> <span class='ocrx_word' id='word_1_195' title='bbox 708 3469 917 3554; x_wconf 88' lang='lat' dir='ltr'><strong><em>seminanti,</em></strong></span> <span class='ocrx_word' id='word_1_196' title='bbox 940 3471 1107 3562; x_wconf 88' lang='lat' dir='ltr'><strong><em>praebeat</em></strong></span> <span class='ocrx_word' id='word_1_197' title='bbox 1126 3484 1160 3541; x_wconf 89' lang='lat' dir='ltr'><strong><em>et</em></strong></span> <span class='ocrx_word' id='word_1_198' title='bbox 1180 3494 1244 3562; x_wconf 88' lang='lat' dir='ltr'><strong><em>pa-</em></strong></span> 
     </span>
     <span class='ocr_line' id='line_1_32' title="bbox 253 3571 1244 3662; baseline -0.011 -10"><span class='ocrx_word' id='word_1_199' title='bbox 253 3603 337 3652; x_wconf 88' lang='lat' dir='ltr'><strong><em>nem</em></strong></span> <span class='ocrx_word' id='word_1_200' title='bbox 353 3577 398 3646; x_wconf 88' lang='lat' dir='ltr'><strong><em>ad</em></strong></span> <span class='ocrx_word' id='word_1_201' title='bbox 412 3575 550 3660; x_wconf 88' lang='lat' dir='ltr'><strong><em>cibum,</em></strong></span> <span class='ocrx_word' id='word_1_202' title='bbox 574 3587 609 3646; x_wconf 87' lang='lat' dir='ltr'><strong><em>et</em></strong></span> <span class='ocrx_word' id='word_1_203' title='bbox 625 3585 749 3662; x_wconf 86' lang='lat' dir='ltr'><strong><em>augeat</em></strong></span> <span class='ocrx_word' id='word_1_204' title='bbox 764 3584 955 3642; x_wconf 85' lang='lat' dir='ltr'><strong><em>sementem</em></strong></span> <span class='ocrx_word' id='word_1_205' title='bbox 970 3585 1134 3648; x_wconf 89' lang='lat' dir='ltr'><strong><em>vestram.</em></strong></span> <span class='ocrx_word' id='word_1_206' title='bbox 1170 3571 1244 3644; x_wconf 88' lang='lat' dir='ltr'><strong><em>Da-</em></strong></span> 
     </span>
     <span class='ocr_line' id='line_1_33' title="bbox 254 3669 910 3770; baseline -0.008 -17"><span class='ocrx_word' id='word_1_207' title='bbox 254 3694 335 3770; x_wconf 88' lang='lat' dir='ltr'><strong><em>tae,·</em></strong></span> <span class='ocrx_word' id='word_1_208' title='bbox 356 3679 415 3750; x_wconf 91' lang='lat' dir='ltr'><strong><em>die</em></strong></span> <span class='ocrx_word' id='word_1_209' title='bbox 430 3677 490 3752; x_wconf 74' lang='grc'><strong>20.</strong></span> <span class='ocrx_word' id='word_1_210' title='bbox 506 3671 658 3766; x_wconf 75' lang='lat' dir='ltr'><strong><em>Augusti</em></strong></span> <span class='ocrx_word' id='word_1_211' title='bbox 673 3673 782 3746; x_wconf 90' lang='lat' dir='ltr'><strong><em>Anno</em></strong></span> <span class='ocrx_word' id='word_1_212' title='bbox 800 3669 910 3748; x_wconf 87' lang='grc'><strong>1558.</strong></span> 
     </span>
    </p>

    <p class='ocr_par' dir='ltr' id='par_1_8' title="bbox 756 3770 1194 3868">
     <span class='ocr_line' id='line_1_34' title="bbox 756 3770 1194 3868; baseline 0.014 -22"><span class='ocrx_word' id='word_1_213' title='bbox 756 3771 945 3868; x_wconf 82' lang='lat' dir='ltr'><strong><em>Philippus</em></strong></span> <span class='ocrx_word' id='word_1_214' title='bbox 967 3770 1194 3852; x_wconf 85' lang='lat' dir='ltr'><strong><em>Melanthon.</em></strong></span> 
     </span>
    </p>
   </div>
   <div class='ocr_carea' id='block_1_7' title="bbox 257 4139 455 4221">
    <p class='ocr_par' dir='ltr' id='par_1_9' title="bbox 257 4139 455 4221">
     <span class='ocr_line' id='line_1_35' title="bbox 257 4139 455 4221; baseline 0.005 -1"><span class='ocrx_word' id='word_1_215' title='bbox 257 4147 325 4221; x_wconf 88' lang='lat' dir='ltr'><strong><em>No.</em></strong></span> <span class='ocrx_word' id='word_1_216' title='bbox 341 4139 455 4221; x_wconf 86' lang='grc'><strong>6579.</strong></span> 
     </span>
    </p>
   </div>
   <div class='ocr_carea' id='block_1_8' title="bbox 264 4243 436 4278">
    <p class='ocr_par' dir='ltr' id='par_1_10' title="bbox 264 4243 436 4278">
     <span class='ocr_line' id='line_1_36' title="bbox 264 4243 436 4278; baseline 0 -6"><span class='ocrx_word' id='word_1_217' title='bbox 264 4243 436 4278; x_wconf 57' lang='grc' dir='ltr'>Μ</span> 
     </span>
    </p>
   </div>
   <div class='ocr_carea' id='block_1_9' title="bbox 630 4325 944 4440">
    <p class='ocr_par' dir='ltr' id='par_1_11' title="bbox 630 4325 944 4440">
     <span class='ocr_line' id='line_1_37' title="bbox 630 4325 944 4440; baseline -0.006 -25"><span class='ocrx_word' id='word_1_218' title='bbox 630 4325 877 4440; x_wconf 76' lang='lat' dir='ltr'><strong><em>Scriptum.</em></strong></span> <span class='ocrx_word' id='word_1_219' title='bbox 942 4423 944 4426; x_wconf 54' lang='grc'>,</span> 
     </span>
    </p>
   </div>
   <div class='ocr_carea' id='block_1_10' title="bbox 295 4461 1247 4628">
    <p class='ocr_par' dir='ltr' id='par_1_12' title="bbox 295 4461 1247 4628">
     <span class='ocr_line' id='line_1_38' title="bbox 295 4461 1247 4628; baseline -0.003 -66"><span class='ocrx_word' id='word_1_220' title='bbox 295 4461 301 4466; x_wconf 91' lang='lat'>·</span> <span class='ocrx_word' id='word_1_221' title='bbox 327 4503 579 4580; x_wconf 73' lang='lat' dir='ltr'><strong><em>†Enutograplto</em></strong></span> <span class='ocrx_word' id='word_1_222' title='bbox 598 4505 627 4560; x_wconf 92' lang='lat' dir='ltr'><strong><em>in</em></strong></span> <span class='ocrx_word' id='word_1_223' title='bbox 639 4503 702 4561; x_wconf 85' lang='lat' dir='ltr'><strong><em>cod.</em></strong></span> <span class='ocrx_word' id='word_1_224' title='bbox 719 4503 829 4558; x_wconf 72' lang='lat' dir='ltr'><strong><em>Monte.</em></strong></span> <span class='ocrx_word' id='word_1_225' title='bbox 844 4502 878 4561; x_wconf 95' lang='grc'><strong><em>11.</em></strong></span> <span class='ocrx_word' id='word_1_226' title='bbox 897 4523 923 4574; x_wconf 89' lang='lat' dir='ltr'><strong><em>p.</em></strong></span> <span class='ocrx_word' id='word_1_227' title='bbox 935 4505 978 4564; x_wconf 72' lang='grc'><strong><em>61.</em></strong></span> <span class='ocrx_word' id='word_1_228' title='bbox 996 4535 1032 4548; x_wconf 92' lang='lat'><strong><em>·-</em></strong></span> <span class='ocrx_word' id='word_1_229' title='bbox 1066 4503 1247 4628; x_wconf 64' lang='grc' dir='ltr'><strong>115155Ε5115,</strong></span> 
     </span>
    </p>
   </div>
   <div class='ocr_carea' id='block_1_11' title="bbox 358 4571 1247 4774">
    <p class='ocr_par' dir='ltr' id='par_1_13' title="bbox 358 4571 1247 4774">
     <span class='ocr_line' id='line_1_39' title="bbox 358 4571 1247 4645; baseline -0.008 -12"><span class='ocrx_word' id='word_1_230' title='bbox 358 4577 449 4633; x_wconf 76' lang='lat' dir='ltr'><strong><em>amico</em></strong></span> <span class='ocrx_word' id='word_1_231' title='bbox 464 4575 571 4630; x_wconf 82' lang='lat' dir='ltr'><strong><em>cuidam</em></strong></span> <span class='ocrx_word' id='word_1_232' title='bbox 589 4573 685 4642; x_wconf 77' lang='lat' dir='ltr'><strong><em>missa,</em></strong></span> <span class='ocrx_word' id='word_1_233' title='bbox 703 4591 773 4642; x_wconf 80' lang='lat' dir='ltr'><strong><em>quae</em></strong></span> <span class='ocrx_word' id='word_1_234' title='bbox 784 4571 899 4629; x_wconf 79' lang='lat' dir='ltr'><strong><em>fortasse</em></strong></span> <span class='ocrx_word' id='word_1_235' title='bbox 918 4593 1011 4630; x_wconf 83' lang='lat' dir='ltr'><strong><em>mense</em></strong></span> <span class='ocrx_word' id='word_1_236' title='bbox 1026 4575 1148 4645; x_wconf 73' lang='lat' dir='ltr'><strong><em>Augusto</em></strong></span> <span class='ocrx_word' id='word_1_237' title='bbox 1205 4575 1247 4627; x_wconf 83' lang='lat' dir='ltr'><strong><em>ius</em></strong></span> 
     </span>
     <span class='ocr_line' id='line_1_40' title="bbox 363 4641 1247 4729; baseline -0.007 -25"><span class='ocrx_word' id='word_1_238' title='bbox 363 4645 427 4729; x_wconf 77' lang='grc'><strong>5551</strong></span> <span class='ocrx_word' id='word_1_239' title='bbox 441 4645 541 4717; x_wconf 76' lang='lat' dir='ltr'><strong><em>scripta</em></strong></span> <span class='ocrx_word' id='word_1_240' title='bbox 555 4652 610 4706; x_wconf 80' lang='lat' dir='ltr'><strong><em>ert,</em></strong></span> <span class='ocrx_word' id='word_1_241' title='bbox 627 4642 675 4698; x_wconf 87' lang='lat' dir='ltr'><strong><em>ubi</em></strong></span> <span class='ocrx_word' id='word_1_242' title='bbox 688 4641 906 4714; x_wconf 74' lang='lat' dir='ltr'><strong><em>conspiciebatur</em></strong></span> <span class='ocrx_word' id='word_1_243' title='bbox 917 4654 1024 4701; x_wconf 72' lang='lat' dir='ltr'><strong><em>cometa</em></strong></span> <span class='ocrx_word' id='word_1_244' title='bbox 1034 4645 1086 4706; x_wconf 79' lang='lat' dir='ltr'><strong><em>suh</em></strong></span> <span class='ocrx_word' id='word_1_245' title='bbox 1098 4661 1178 4700; x_wconf 79' lang='grc'><strong>55555</strong></span> <span class='ocrx_word' id='word_1_246' title='bbox 1192 4643 1247 4698; x_wconf 81' lang='lat' dir='ltr'><strong><em>lic-</em></strong></span> 
     </span>
     <span class='ocr_line' id='line_1_41' title="bbox 361 4733 476 4774; baseline -0.017 -2"><span class='ocrx_word' id='word_1_247' title='bbox 361 4733 476 4774; x_wconf 68' lang='lat' dir='ltr'><strong><em>renites.</em></strong></span> 
     </span>
    </p>
   </div>
   <div class='ocr_carea' id='block_1_12' title="bbox 264 4865 1248 5120">
    <p class='ocr_par' dir='ltr' id='par_1_14' title="bbox 264 4865 1248 5120">
     <span class='ocr_line' id='line_1_42' title="bbox 637 4865 944 4968; baseline -0.003 -24"><span class='ocrx_word' id='word_1_248' title='bbox 637 4865 873 4968; x_wconf 83' lang='grc' dir='ltr'><strong>Ζητήσεις.</strong></span> <span class='ocrx_word' id='word_1_249' title='bbox 941 4905 944 4914; x_wconf 91' lang='grc'><strong><em>·</em></strong></span> 
     </span>
     <span class='ocr_line' id='line_1_43' title="bbox 264 5011 1248 5120; baseline -0.006 -22"><span class='ocrx_word' id='word_1_250' title='bbox 264 5011 525 5098; x_wconf 82' lang='lat' dir='ltr'><strong><em>Vindemiator</em></strong></span> <span class='ocrx_word' id='word_1_251' title='bbox 538 5018 632 5096; x_wconf 89' lang='lat' dir='ltr'><strong><em>haud</em></strong></span> <span class='ocrx_word' id='word_1_252' title='bbox 648 5025 756 5096; x_wconf 86' lang='lat' dir='ltr'><strong><em>dubie</em></strong></span> <span class='ocrx_word' id='word_1_253' title='bbox 770 5038 822 5096; x_wconf 84' lang='lat' dir='ltr'><strong><em>est</em></strong></span> <span class='ocrx_word' id='word_1_254' title='bbox 834 5011 1101 5120; x_wconf 78' lang='grc' dir='ltr'><strong><em>προτρυγήτης,</em></strong></span> <span class='ocrx_word' id='word_1_255' title='bbox 1119 5021 1182 5112; x_wconf 87' lang='lat' dir='ltr'><strong><em>qui</em></strong></span> <span class='ocrx_word' id='word_1_256' title='bbox 1197 5034 1248 5092; x_wconf 88' lang='lat' dir='ltr'><strong><em>est</em></strong></span> 
     </span>
    </p>
   </div>
   <div class='ocr_carea' id='block_1_13' title="bbox 130 5116 1248 5220">
    <p class='ocr_par' dir='ltr' id='par_1_15' title="bbox 130 5116 1248 5220">
     <span class='ocr_line' id='line_1_44' title="bbox 130 5116 1248 5220; baseline 0.007 -25"><span class='ocrx_word' id='word_1_257' title='bbox 130 5157 133 5163; x_wconf 48' lang='lat'>¹</span> <span class='ocrx_word' id='word_1_258' title='bbox 259 5129 300 5198; x_wconf 92' lang='lat' dir='ltr'><strong><em>in</em></strong></span> <span class='ocrx_word' id='word_1_259' title='bbox 322 5131 444 5198; x_wconf 85' lang='lat' dir='ltr'><strong><em>dextra</em></strong></span> <span class='ocrx_word' id='word_1_260' title='bbox 469 5128 522 5200; x_wconf 87' lang='lat' dir='ltr'><strong><em>ala</em></strong></span> <span class='ocrx_word' id='word_1_261' title='bbox 551 5129 710 5218; x_wconf 83' lang='lat' dir='ltr'><strong><em>virginis.</em></strong></span> <span class='ocrx_word' id='word_1_262' title='bbox 763 5121 882 5219; x_wconf 81' lang='lat' dir='ltr'><strong><em>Atque</em></strong></span> <span class='ocrx_word' id='word_1_263' title='bbox 911 5123 958 5193; x_wconf 81' lang='lat' dir='ltr'><strong><em>ila</em></strong></span> <span class='ocrx_word' id='word_1_264' title='bbox 986 5116 1248 5220; x_wconf 73' lang='grc' dir='ltr'><strong><em>προτρυγήτην</em></strong></span> 
     </span>
    </p>
   </div>
   <div class='ocr_carea' id='block_1_14' title="bbox 256 5223 1248 5534">
    <p class='ocr_par' dir='ltr' id='par_1_16' title="bbox 256 5223 1248 5534">
     <span class='ocr_line' id='line_1_45' title="bbox 260 5223 1246 5322; baseline -0.001 -24"><span class='ocrx_word' id='word_1_265' title='bbox 260 5230 510 5322; x_wconf 88' lang='lat' dir='ltr'><strong><em>interpretatus</em></strong></span> <span class='ocrx_word' id='word_1_266' title='bbox 544 5244 596 5300; x_wconf 87' lang='lat' dir='ltr'><strong><em>est</em></strong></span> <span class='ocrx_word' id='word_1_267' title='bbox 622 5229 807 5300; x_wconf 88' lang='lat' dir='ltr'><strong><em>Pontanus</em></strong></span> <span class='ocrx_word' id='word_1_268' title='bbox 841 5227 880 5294; x_wconf 91' lang='lat' dir='ltr'><strong><em>in</em></strong></span> <span class='ocrx_word' id='word_1_269' title='bbox 910 5223 1246 5315; x_wconf 62' lang='lat' dir='ltr'><strong><em>propositionem.</em></strong></span> 
     </span>
     <span class='ocr_line' id='line_1_46' title="bbox 259 5319 1246 5425; baseline -0.001 -23"><span class='ocrx_word' id='word_1_270' title='bbox 259 5331 479 5425; x_wconf 87' lang='lat' dir='ltr'><strong><em>centiloqnii.</em></strong></span> <span class='ocrx_word' id='word_1_271' title='bbox 531 5327 578 5402; x_wconf 87' lang='lat' dir='ltr'><strong><em>Et</em></strong></span> <span class='ocrx_word' id='word_1_272' title='bbox 599 5329 703 5402; x_wconf 85' lang='lat' dir='ltr'><strong><em>Arati</em></strong></span> <span class='ocrx_word' id='word_1_273' title='bbox 726 5329 902 5419; x_wconf 87' lang='lat' dir='ltr'><strong><em>interpres</em></strong></span> <span class='ocrx_word' id='word_1_274' title='bbox 920 5319 1050 5396; x_wconf 85' lang='lat' dir='ltr'><strong><em>Theon</em></strong></span> <span class='ocrx_word' id='word_1_275' title='bbox 1072 5325 1141 5410; x_wconf 85' lang='lat' dir='ltr'><strong><em>ait,</em></strong></span> <span class='ocrx_word' id='word_1_276' title='bbox 1174 5323 1246 5424; x_wconf 82' lang='grc' dir='ltr'><strong><em>πρὸ</em></strong></span> 
     </span>
     <span class='ocr_line' id='line_1_47' title="bbox 256 5423 1248 5534; baseline -0.006 -28"><span class='ocrx_word' id='word_1_277' title='bbox 256 5435 322 5530; x_wconf 81' lang='grc' dir='ltr'><strong><em>τῆς</em></strong></span> <span class='ocrx_word' id='word_1_278' title='bbox 357 5437 546 5534; x_wconf 74' lang='grc' dir='ltr'><strong><em>τρυγητοῦ</em></strong></span> <span class='ocrx_word' id='word_1_279' title='bbox 581 5427 681 5530; x_wconf 74' lang='grc' dir='ltr'><strong><em>ὥρας</em></strong></span> <span class='ocrx_word' id='word_1_280' title='bbox 714 5423 842 5530; x_wconf 71' lang='grc' dir='ltr'><strong><em>ὀλίγον</em></strong></span> <span class='ocrx_word' id='word_1_281' title='bbox 874 5423 1153 5529; x_wconf 74' lang='grc' dir='ltr'><strong><em>προανατέλλει.</em></strong></span> <span class='ocrx_word' id='word_1_282' title='bbox 1203 5429 1248 5502; x_wconf 90' lang='grc'><strong><em>15</em></strong></span> 
     </span>
    </p>
   </div>
   <div class='ocr_carea' id='block_1_15' title="bbox 1267 257 2230 374">
    <p class='ocr_par' dir='ltr' id='par_1_17' title="bbox 1267 257 2230 374">
     <span class='ocr_line' id='line_1_48' title="bbox 1267 257 2230 374; baseline 0.013 -25"><span class='ocrx_word' id='word_1_283' title='bbox 1267 274 1511 358; x_wconf 80' lang='lat' dir='ltr'><strong><em>uru.x111·.</em></strong></span> <span class='ocrx_word' id='word_1_284' title='bbox 1565 280 1698 364; x_wconf 79' lang='lat' dir='ltr'><strong><em>ress.</em></strong></span> <span class='ocrx_word' id='word_1_285' title='bbox 1787 259 1790 264; x_wconf 83' lang='grc'><strong>’</strong></span> <span class='ocrx_word' id='word_1_286' title='bbox 2175 257 2230 374; x_wconf 71' lang='lat' dir='ltr'><strong><em>aa</em></strong></span> 
     </span>
    </p>
   </div>
   <div class='ocr_carea' id='block_1_16' title="bbox 1255 453 2234 864">
    <p class='ocr_par' dir='ltr' id='par_1_18' title="bbox 1255 453 2234 864">
     <span class='ocr_line' id='line_1_49' title="bbox 1282 453 2230 561; baseline 0.016 -36"><span class='ocrx_word' id='word_1_287' title='bbox 1282 453 1433 544; x_wconf 82' lang='lat' dir='ltr'><strong><em>Higinio</em></strong></span> <span class='ocrx_word' id='word_1_288' title='bbox 1451 469 1519 527; x_wconf 86' lang='lat' dir='ltr'><strong><em>est:</em></strong></span> <span class='ocrx_word' id='word_1_289' title='bbox 1547 457 1786 530; x_wconf 88' lang='lat' dir='ltr'><strong><em>vindemiator</em></strong></span> <span class='ocrx_word' id='word_1_290' title='bbox 1800 459 1930 532; x_wconf 84' lang='lat' dir='ltr'><strong><em>exoriri</em></strong></span> <span class='ocrx_word' id='word_1_291' title='bbox 1946 487 2045 535; x_wconf 88' lang='lat' dir='ltr'><strong><em>mane</em></strong></span> <span class='ocrx_word' id='word_1_292' title='bbox 2066 465 2230 561; x_wconf 84' lang='lat' dir='ltr'><strong><em>iucipitlll.</em></strong></span> 
     </span>
     <span class='ocr_line' id='line_1_50' title="bbox 1255 556 2232 662; baseline 0.016 -35"><span class='ocrx_word' id='word_1_293' title='bbox 1255 645 1256 648; x_wconf 8' lang='grc' dir='ltr'><strong>Ἴ</strong></span> <span class='ocrx_word' id='word_1_294' title='bbox 1284 556 1458 628; x_wconf 90' lang='lat' dir='ltr'><strong><em>Calendas</em></strong></span> <span class='ocrx_word' id='word_1_295' title='bbox 1474 557 1645 650; x_wconf 89' lang='lat' dir='ltr'><strong><em>Septhris.</em></strong></span> <span class='ocrx_word' id='word_1_296' title='bbox 1654 561 1855 634; x_wconf 87' lang='lat' dir='ltr'><strong><em>vindemiae</em></strong></span> <span class='ocrx_word' id='word_1_297' title='bbox 1870 568 2098 638; x_wconf 83' lang='lat' dir='ltr'><strong><em>maturitatem</em></strong></span> <span class='ocrx_word' id='word_1_298' title='bbox 2112 574 2232 662; x_wconf 89' lang='lat' dir='ltr'><strong><em>promit·</em></strong></span> 
     </span>
     <span class='ocr_line' id='line_1_51' title="bbox 1285 657 2233 762; baseline 0.015 -32"><span class='ocrx_word' id='word_1_299' title='bbox 1285 673 1374 734; x_wconf 85' lang='lat' dir='ltr'><strong><em>tens.</em></strong></span> <span class='ocrx_word' id='word_1_300' title='bbox 1417 657 1535 732; x_wconf 92' lang='lat' dir='ltr'><strong><em>Credo</em></strong></span> <span class='ocrx_word' id='word_1_301' title='bbox 1548 663 1680 734; x_wconf 85' lang='lat' dir='ltr'><strong><em>latinos</em></strong></span> <span class='ocrx_word' id='word_1_302' title='bbox 1693 686 1860 754; x_wconf 78' lang='lat' dir='ltr'><strong><em>graecum</em></strong></span> <span class='ocrx_word' id='word_1_303' title='bbox 1873 689 2004 738; x_wconf 89' lang='lat' dir='ltr'><strong><em>nomen</em></strong></span> <span class='ocrx_word' id='word_1_304' title='bbox 2017 668 2155 742; x_wconf 86' lang='lat' dir='ltr'><strong><em>imitatos</em></strong></span> <span class='ocrx_word' id='word_1_305' title='bbox 2169 697 2233 762; x_wconf 82' lang='lat' dir='ltr'><strong><em>esso,</em></strong></span> 
     </span>
     <span class='ocr_line' id='line_1_52' title="bbox 1286 763 2234 864; baseline 0.016 -34"><span class='ocrx_word' id='word_1_306' title='bbox 1286 765 1345 832; x_wconf 88' lang='lat' dir='ltr'><strong><em>sed</em></strong></span> <span class='ocrx_word' id='word_1_307' title='bbox 1372 775 1491 832; x_wconf 88' lang='lat' dir='ltr'><strong><em>tamen</em></strong></span> <span class='ocrx_word' id='word_1_308' title='bbox 1513 763 1674 834; x_wconf 87' lang='lat' dir='ltr'><strong><em>omisisse</em></strong></span> <span class='ocrx_word' id='word_1_309' title='bbox 1695 768 2008 858; x_wconf 82' lang='lat' dir='ltr'><strong><em>compositionem,</em></strong></span> <span class='ocrx_word' id='word_1_310' title='bbox 2034 775 2121 864; x_wconf 89' lang='lat' dir='ltr'><strong><em>quod</em></strong></span> <span class='ocrx_word' id='word_1_311' title='bbox 2136 774 2234 846; x_wconf 84' lang='lat' dir='ltr'><strong><em>durius</em></strong></span> 
     </span>
    </p>
   </div>
   <div class='ocr_carea' id='block_1_17' title="bbox 1286 865 2236 1058">
    <p class='ocr_par' dir='ltr' id='par_1_19' title="bbox 1286 865 2236 1058">
     <span class='ocr_line' id='line_1_53' title="bbox 1286 865 2236 963; baseline 0.011 -27"><span class='ocrx_word' id='word_1_312' title='bbox 1286 878 1373 936; x_wconf 84' lang='lat' dir='ltr'><strong><em>esset</em></strong></span> <span class='ocrx_word' id='word_1_313' title='bbox 1398 865 1719 954; x_wconf 86' lang='lat' dir='ltr'><strong><em>praevindemiator</em></strong></span> <span class='ocrx_word' id='word_1_314' title='bbox 1726 893 1736 954; x_wconf 84' lang='lat'>3</span> <span class='ocrx_word' id='word_1_315' title='bbox 1763 869 1827 940; x_wconf 86' lang='lat' dir='ltr'><strong><em>etsi</em></strong></span> <span class='ocrx_word' id='word_1_316' title='bbox 1850 870 1891 940; x_wconf 91' lang='lat' dir='ltr'><strong><em>in</em></strong></span> <span class='ocrx_word' id='word_1_317' title='bbox 1914 871 2086 963; x_wconf 78' lang='lat' dir='ltr'><strong><em>almagesti</em></strong></span> <span class='ocrx_word' id='word_1_318' title='bbox 2105 875 2236 946; x_wconf 80' lang='lat' dir='ltr'><strong><em>versione</em></strong></span> 
     </span>
     <span class='ocr_line' id='line_1_54' title="bbox 1287 965 1743 1058; baseline 0.015 -25"><span class='ocrx_word' id='word_1_319' title='bbox 1287 965 1335 1036; x_wconf 94' lang='lat' dir='ltr'><strong><em>ita</em></strong></span> <span class='ocrx_word' id='word_1_320' title='bbox 1352 966 1459 1036; x_wconf 87' lang='lat' dir='ltr'><strong><em>vertit</em></strong></span> <span class='ocrx_word' id='word_1_321' title='bbox 1474 965 1743 1058; x_wconf 81' lang='lat' dir='ltr'><strong><em>Trapezontius.</em></strong></span> 
     </span>
    </p>
   </div>
   <div class='ocr_carea' id='block_1_18' title="bbox 1287 1074 2238 1482">
    <p class='ocr_par' dir='ltr' id='par_1_20' title="bbox 1287 1074 2238 1482">
     <span class='ocr_line' id='line_1_55' title="bbox 1389 1074 2236 1178; baseline 0.008 -25"><span class='ocrx_word' id='word_1_322' title='bbox 1389 1074 1545 1153; x_wconf 79' lang='lat' dir='ltr'><strong><em>Comum</em></strong></span> <span class='ocrx_word' id='word_1_323' title='bbox 1561 1077 1753 1156; x_wconf 85' lang='lat' dir='ltr'><strong><em>Berenices</em></strong></span> <span class='ocrx_word' id='word_1_324' title='bbox 1775 1087 2080 1178; x_wconf 87' lang='lat' dir='ltr'><strong><em>septentrionalem</em></strong></span> <span class='ocrx_word' id='word_1_325' title='bbox 2097 1095 2236 1162; x_wconf 77' lang='grc'><strong>55555151-</strong></span> 
     </span>
     <span class='ocr_line' id='line_1_56' title="bbox 1287 1183 2236 1282; baseline 0.011 -30"><span class='ocrx_word' id='word_1_326' title='bbox 1287 1185 1358 1252; x_wconf 87' lang='lat' dir='ltr'><strong><em>lam</em></strong></span> <span class='ocrx_word' id='word_1_327' title='bbox 1387 1209 1461 1254; x_wconf 90' lang='grc'><strong><em>555</em></strong></span> <span class='ocrx_word' id='word_1_328' title='bbox 1485 1187 1637 1255; x_wconf 90' lang='lat' dir='ltr'><strong><em>dubium</em></strong></span> <span class='ocrx_word' id='word_1_329' title='bbox 1659 1201 1728 1272; x_wconf 88' lang='lat' dir='ltr'><strong><em>est,</em></strong></span> <span class='ocrx_word' id='word_1_330' title='bbox 1762 1212 1875 1280; x_wconf 61' lang='lat' dir='ltr'><strong><em>supra.</em></strong></span> <span class='ocrx_word' id='word_1_331' title='bbox 1893 1183 2027 1282; x_wconf 80' lang='lat' dir='ltr'><strong><em>tergum</em></strong></span> <span class='ocrx_word' id='word_1_332' title='bbox 2049 1193 2166 1278; x_wconf 88' lang='lat' dir='ltr'><strong><em>leonis,</em></strong></span> <span class='ocrx_word' id='word_1_333' title='bbox 2192 1217 2236 1262; x_wconf 87' lang='lat' dir='ltr'><strong><em>scu</em></strong></span> 
     </span>
     <span class='ocr_line' id='line_1_57' title="bbox 1288 1288 2238 1386; baseline 0.007 -31"><span class='ocrx_word' id='word_1_334' title='bbox 1288 1299 1481 1356; x_wconf 83' lang='lat' dir='ltr'><strong><em>extremum</em></strong></span> <span class='ocrx_word' id='word_1_335' title='bbox 1503 1288 1634 1373; x_wconf 88' lang='lat' dir='ltr'><strong><em>leonis,</em></strong></span> <span class='ocrx_word' id='word_1_336' title='bbox 1668 1291 1735 1360; x_wconf 89' lang='lat' dir='ltr'><strong><em>sub</em></strong></span> <span class='ocrx_word' id='word_1_337' title='bbox 1760 1293 1871 1361; x_wconf 86' lang='lat' dir='ltr'><strong><em>cauda</em></strong></span> <span class='ocrx_word' id='word_1_338' title='bbox 1890 1316 1993 1362; x_wconf 85' lang='lat' dir='ltr'><strong><em>ursae</em></strong></span> <span class='ocrx_word' id='word_1_339' title='bbox 2015 1295 2149 1364; x_wconf 86' lang='lat' dir='ltr'><strong><em>maioris</em></strong></span> <span class='ocrx_word' id='word_1_340' title='bbox 2169 1319 2238 1386; x_wconf 87' lang='lat' dir='ltr'><strong><em>pone</em></strong></span> 
     </span>
     <span class='ocr_line' id='line_1_58' title="bbox 1287 1389 2151 1482; baseline 0.008 -24"><span class='ocrx_word' id='word_1_341' title='bbox 1287 1389 1413 1482; x_wconf 90' lang='lat' dir='ltr'><strong><em>pedem</em></strong></span> <span class='ocrx_word' id='word_1_342' title='bbox 1433 1398 1660 1478; x_wconf 88' lang='lat' dir='ltr'><strong><em>postremum.</em></strong></span> <span class='ocrx_word' id='word_1_343' title='bbox 1713 1391 1814 1462; x_wconf 88' lang='lat' dir='ltr'><strong><em>Sicut</em></strong></span> <span class='ocrx_word' id='word_1_344' title='bbox 1831 1407 1923 1463; x_wconf 85' lang='lat' dir='ltr'><strong><em>recte</em></strong></span> <span class='ocrx_word' id='word_1_345' title='bbox 1938 1395 1988 1464; x_wconf 89' lang='lat' dir='ltr'><strong><em>ait</em></strong></span> <span class='ocrx_word' id='word_1_346' title='bbox 2001 1392 2151 1466; x_wconf 83' lang='lat' dir='ltr'><strong><em>Catullus</em></strong></span> 
     </span>
    </p>
   </div>
   <div class='ocr_carea' id='block_1_19' title="bbox 1439 1509 2083 1702">
    <p class='ocr_par' dir='ltr' id='par_1_21' title="bbox 1439 1509 2083 1702">
     <span class='ocr_line' id='line_1_59' title="bbox 1439 1509 2083 1600; baseline 0.014 -28"><span class='ocrx_word' id='word_1_347' title='bbox 1439 1509 1577 1594; x_wconf 86' lang='lat' dir='ltr'><strong><em>Virginis</em></strong></span> <span class='ocrx_word' id='word_1_348' title='bbox 1595 1525 1624 1574; x_wconf 87' lang='lat' dir='ltr'><strong><em>et</em></strong></span> <span class='ocrx_word' id='word_1_349' title='bbox 1639 1519 1719 1576; x_wconf 81' lang='lat' dir='ltr'><strong><em>saevi</em></strong></span> <span class='ocrx_word' id='word_1_350' title='bbox 1733 1519 1911 1600; x_wconf 73' lang='lat' dir='ltr'><strong><em>contingens</em></strong></span> <span class='ocrx_word' id='word_1_351' title='bbox 1928 1540 1979 1580; x_wconf 86' lang='lat' dir='ltr'><strong><em>ore</em></strong></span> <span class='ocrx_word' id='word_1_352' title='bbox 1992 1521 2083 1581; x_wconf 87' lang='lat' dir='ltr'><strong><em>leonis</em></strong></span> 
     </span>
     <span class='ocr_line' id='line_1_60' title="bbox 1439 1609 2030 1702; baseline 0.008 -25"><span class='ocrx_word' id='word_1_353' title='bbox 1439 1609 1573 1677; x_wconf 86' lang='lat' dir='ltr'><strong><em>Lumina</em></strong></span> <span class='ocrx_word' id='word_1_354' title='bbox 1589 1611 1715 1678; x_wconf 85' lang='lat' dir='ltr'><strong><em>Calistoi</em></strong></span> <span class='ocrx_word' id='word_1_355' title='bbox 1728 1621 1830 1680; x_wconf 83' lang='lat' dir='ltr'><strong><em>iuncta</em></strong></span> <span class='ocrx_word' id='word_1_356' title='bbox 1847 1615 2030 1702; x_wconf 77' lang='lat' dir='ltr'><strong><em>Lycaoniae.</em></strong></span> 
     </span>
    </p>
   </div>
   <div class='ocr_carea' id='block_1_20' title="bbox 1289 1713 2236 1822">
    <p class='ocr_par' dir='ltr' id='par_1_22' title="bbox 1289 1713 2236 1822">
     <span class='ocr_line' id='line_1_61' title="bbox 1289 1713 2236 1822; baseline 0.002 -24"><span class='ocrx_word' id='word_1_357' title='bbox 1289 1713 1335 1798; x_wconf 81' lang='lat' dir='ltr'><strong><em>Et</em></strong></span> <span class='ocrx_word' id='word_1_358' title='bbox 1351 1727 1625 1798; x_wconf 90' lang='lat' dir='ltr'><strong><em>commentarius</em></strong></span> <span class='ocrx_word' id='word_1_359' title='bbox 1641 1723 1745 1798; x_wconf 87' lang='lat' dir='ltr'><strong><em>Arati</em></strong></span> <span class='ocrx_word' id='word_1_360' title='bbox 1768 1729 1937 1822; x_wconf 82' lang='lat' dir='ltr'><strong><em>intelligit</em></strong></span> <span class='ocrx_word' id='word_1_361' title='bbox 1952 1733 1996 1801; x_wconf 89' lang='lat' dir='ltr'><strong><em>de</em></strong></span> <span class='ocrx_word' id='word_1_362' title='bbox 2016 1756 2109 1802; x_wconf 89' lang='lat' dir='ltr'><strong><em>coma</em></strong></span> <span class='ocrx_word' id='word_1_363' title='bbox 2124 1729 2236 1802; x_wconf 86' lang='lat' dir='ltr'><strong><em>Bereni-</em></strong></span> 
     </span>
    </p>
   </div>
   <div class='ocr_carea' id='block_1_21' title="bbox 1290 1823 2313 1950">
    <p class='ocr_par' dir='ltr' id='par_1_23' title="bbox 1290 1823 2313 1950">
     <span class='ocr_line' id='line_1_62' title="bbox 1290 1823 2313 1950; baseline 0.013 -51"><span class='ocrx_word' id='word_1_364' title='bbox 1290 1855 1344 1900; x_wconf 90' lang='lat' dir='ltr'><strong><em>ces</em></strong></span> <span class='ocrx_word' id='word_1_365' title='bbox 1369 1823 1505 1910; x_wconf 85' lang='grc' dir='ltr'><strong>515ςοὶ</strong></span> <span class='ocrx_word' id='word_1_366' title='bbox 1532 1824 1603 1926; x_wconf 79' lang='grc' dir='ltr'><strong><em>πρὸ</em></strong></span> <span class='ocrx_word' id='word_1_367' title='bbox 1627 1825 1758 1904; x_wconf 74' lang='grc' dir='ltr'><strong><em>ποδῶν</em></strong></span> <span class='ocrx_word' id='word_1_368' title='bbox 1782 1829 1930 1930; x_wconf 72' lang='grc' dir='ltr'><strong><em>φέρεται</em></strong></span> <span class='ocrx_word' id='word_1_369' title='bbox 1956 1827 2066 1915; x_wconf 80' lang='grc' dir='ltr'><strong><em>καλός</em></strong></span> <span class='ocrx_word' id='word_1_370' title='bbox 2092 1859 2127 1906; x_wconf 79' lang='lat' dir='ltr'><strong><em>te</em></strong></span> <span class='ocrx_word' id='word_1_371' title='bbox 2152 1830 2238 1932; x_wconf 70' lang='grc' dir='ltr'><em>μεγάς</em></span> <span class='ocrx_word' id='word_1_372' title='bbox 2312 1871 2313 1950; x_wconf 46' lang='lat'><strong>3</strong></span> 
     </span>
    </p>
   </div>
   <div class='ocr_carea' id='block_1_22' title="bbox 1288 1946 1490 2016">
    <p class='ocr_par' dir='ltr' id='par_1_24' title="bbox 1288 1946 1490 2016">
     <span class='ocr_line' id='line_1_63' title="bbox 1288 1946 1490 2016; baseline -0.01 -12"><span class='ocrx_word' id='word_1_373' title='bbox 1288 1958 1327 2004; x_wconf 81' lang='grc' dir='ltr'><strong><em>τε</em></strong></span> <span class='ocrx_word' id='word_1_374' title='bbox 1352 1946 1416 2006; x_wconf 87' lang='grc'><strong>515.</strong></span> <span class='ocrx_word' id='word_1_375' title='bbox 1487 2009 1490 2016; x_wconf 58' lang='grc'><strong>,</strong></span> 
     </span>
    </p>
   </div>
   <div class='ocr_carea' id='block_1_23' title="bbox 1360 2084 2096 2630">
    <p class='ocr_par' dir='ltr' id='par_1_25' title="bbox 1360 2084 2096 2630">
     <span class='ocr_line' id='line_1_64' title="bbox 1388 2084 1693 2159; baseline 0.003 -2"><span class='ocrx_word' id='word_1_376' title='bbox 1388 2084 1528 2159; x_wconf 88' lang='lat' dir='ltr'><strong><em>Deinde</em></strong></span> <span class='ocrx_word' id='word_1_377' title='bbox 1546 2084 1693 2159; x_wconf 83' lang='lat' dir='ltr'><strong><em>Theon:</em></strong></span> 
     </span>
     <span class='ocr_line' id='line_1_65' title="bbox 1459 2197 1992 2290; baseline 0.015 -26"><span class='ocrx_word' id='word_1_378' title='bbox 1459 2199 1488 2264; x_wconf 81' lang='lat' dir='ltr'><strong><em>oi</em></strong></span> <span class='ocrx_word' id='word_1_379' title='bbox 1510 2199 1545 2264; x_wconf 75' lang='grc'><strong><em>55</em></strong></span> <span class='ocrx_word' id='word_1_380' title='bbox 1565 2197 1725 2285; x_wconf 76' lang='grc' dir='ltr'><strong><em>ἠλακάτην</em></strong></span> <span class='ocrx_word' id='word_1_381' title='bbox 1746 2199 1847 2286; x_wconf 73' lang='grc' dir='ltr'><strong><em>αὐτὴν</em></strong></span> <span class='ocrx_word' id='word_1_382' title='bbox 1868 2205 1992 2290; x_wconf 66' lang='grc' dir='ltr'><strong><em>λέγουσι</em></strong></span> 
     </span>
     <span class='ocr_line' id='line_1_66' title="bbox 1377 2277 2096 2382; baseline 0.017 -36"><span class='ocrx_word' id='word_1_383' title='bbox 1377 2327 1380 2332; x_wconf 89' lang='grc'>-</span> <span class='ocrx_word' id='word_1_384' title='bbox 1459 2277 1558 2350; x_wconf 80' lang='grc' dir='ltr'><strong><em>κόνων</em></strong></span> <span class='ocrx_word' id='word_1_385' title='bbox 1580 2281 1653 2352; x_wconf 75' lang='grc'><strong><em>515</em></strong></span> <span class='ocrx_word' id='word_1_386' title='bbox 1676 2290 1900 2370; x_wconf 74' lang='grc' dir='ltr'><strong><em>μαθηματικὸς</em></strong></span> <span class='ocrx_word' id='word_1_387' title='bbox 1920 2293 2096 2382; x_wconf 72' lang='grc' dir='ltr'><strong><em>πτολεμαίῳ</em></strong></span> 
     </span>
     <span class='ocr_line' id='line_1_67' title="bbox 1456 2366 2014 2457; baseline 0.023 -26"><span class='ocrx_word' id='word_1_388' title='bbox 1456 2366 1658 2454; x_wconf 77' lang='grc' dir='ltr'><strong><em>χαριζόμενος</em></strong></span> <span class='ocrx_word' id='word_1_389' title='bbox 1677 2373 1834 2457; x_wconf 64' lang='lat' dir='ltr'><strong><em>{leprosam</em></strong></span> <span class='ocrx_word' id='word_1_390' title='bbox 1855 2371 2014 2444; x_wconf 75' lang='grc' dir='ltr'><strong><em>πλόκανον</em></strong></span> 
     </span>
     <span class='ocr_line' id='line_1_68' title="bbox 1360 2451 1846 2542; baseline 0.016 -26"><span class='ocrx_word' id='word_1_391' title='bbox 1360 2528 1366 2534; x_wconf 29' lang='lat'><strong>¹</strong></span> <span class='ocrx_word' id='word_1_392' title='bbox 1460 2455 1494 2529; x_wconf 69' lang='grc' dir='ltr'><strong><em>ἐξ</em></strong></span> <span class='ocrx_word' id='word_1_393' title='bbox 1514 2451 1615 2519; x_wconf 85' lang='grc' dir='ltr'><strong><em>55τοῦ</em></strong></span> <span class='ocrx_word' id='word_1_394' title='bbox 1634 2457 1846 2542; x_wconf 59' lang='lat' dir='ltr'><strong><em>nosmetipsos.</em></strong></span> 
     </span>
     <span class='ocr_line' id='line_1_69' title="bbox 1421 2539 2022 2630; baseline 0.017 -29"><span class='ocrx_word' id='word_1_395' title='bbox 1421 2541 1523 2606; x_wconf 77' lang='grc' dir='ltr'><strong><em>Τοῦτο</em></strong></span> <span class='ocrx_word' id='word_1_396' title='bbox 1542 2540 1592 2604; x_wconf 79' lang='grc' dir='ltr'><strong><em>καὶ</em></strong></span> <span class='ocrx_word' id='word_1_397' title='bbox 1614 2539 1817 2625; x_wconf 84' lang='grc' dir='ltr'><strong><em>Καλλιμαχός</em></strong></span> <span class='ocrx_word' id='word_1_398' title='bbox 1837 2567 1898 2609; x_wconf 85' lang='lat' dir='ltr'><strong><em>noo</em></strong></span> <span class='ocrx_word' id='word_1_399' title='bbox 1923 2569 2022 2630; x_wconf 82' lang='grc' dir='ltr'><strong><em>φησιν</em></strong></span> 
     </span>
    </p>
   </div>
   <div class='ocr_carea' id='block_1_24' title="bbox 1293 2620 2248 4025">
    <p class='ocr_par' dir='ltr' id='par_1_26' title="bbox 1460 2620 2175 2714">
     <span class='ocr_line' id='line_1_70' title="bbox 1460 2620 2175 2714; baseline 0.024 -28"><span class='ocrx_word' id='word_1_400' title='bbox 1460 2620 1518 2707; x_wconf 73' lang='grc' dir='ltr'><strong><em>ἠδὲ</em></strong></span> <span class='ocrx_word' id='word_1_401' title='bbox 1539 2621 1639 2689; x_wconf 81' lang='grc' dir='ltr'><strong><em>κόνων</em></strong></span> <span class='ocrx_word' id='word_1_402' title='bbox 1661 2621 1790 2707; x_wconf 63' lang='grc' dir='ltr'><strong><em>ἔβλεψεν</em></strong></span> <span class='ocrx_word' id='word_1_403' title='bbox 1812 2629 1844 2692; x_wconf 78' lang='lat' dir='ltr'><strong><em>lo</em></strong></span> <span class='ocrx_word' id='word_1_404' title='bbox 1866 2627 1933 2714; x_wconf 75' lang='grc' dir='ltr'><strong><em>ἤερι</em></strong></span> <span class='ocrx_word' id='word_1_405' title='bbox 1954 2632 2014 2698; x_wconf 79' lang='grc' dir='ltr'><strong><em>τὸν</em></strong></span> <span class='ocrx_word' id='word_1_406' title='bbox 2034 2629 2175 2714; x_wconf 65' lang='lat' dir='ltr'><strong><em>depulsat</em></strong></span> 
     </span>
    </p>

    <p class='ocr_par' dir='ltr' id='par_1_27' title="bbox 1293 2705 2235 3503">
     <span class='ocr_line' id='line_1_71' title="bbox 1501 2705 1757 2795; baseline 0 -21"><span class='ocrx_word' id='word_1_407' title='bbox 1501 2705 1677 2795; x_wconf 78' lang='grc' dir='ltr'><strong><em>βόστρυχον</em></strong></span> <span class='ocrx_word' id='word_1_408' title='bbox 1701 2725 1757 2774; x_wconf 72' lang='lat' dir='ltr'><strong><em>etc.</em></strong></span> 
     </span>
     <span class='ocr_line' id='line_1_72' title="bbox 1293 2811 2232 2915; baseline 0.003 -34"><span class='ocrx_word' id='word_1_409' title='bbox 1293 2811 1493 2886; x_wconf 85' lang='lat' dir='ltr'><strong><em>Ptolemens</em></strong></span> <span class='ocrx_word' id='word_1_410' title='bbox 1511 2829 1613 2886; x_wconf 89' lang='lat' dir='ltr'><strong><em>vocat</em></strong></span> <span class='ocrx_word' id='word_1_411' title='bbox 1628 2841 1746 2887; x_wconf 88' lang='lat' dir='ltr'><strong><em>comas</em></strong></span> <span class='ocrx_word' id='word_1_412' title='bbox 1762 2819 1929 2890; x_wconf 81' lang='lat' dir='ltr'><strong><em>maximas</em></strong></span> <span class='ocrx_word' id='word_1_413' title='bbox 1943 2823 2136 2915; x_wconf 75' lang='lat' dir='ltr'><strong><em>tribuittpre</em></strong></span> <span class='ocrx_word' id='word_1_414' title='bbox 2146 2819 2171 2888; x_wconf 87' lang='lat' dir='ltr'><strong><em>ei</em></strong></span> <span class='ocrx_word' id='word_1_415' title='bbox 2183 2839 2232 2907; x_wconf 82' lang='lat' dir='ltr'><strong><em>gra·</em></strong></span> 
     </span>
     <span class='ocr_line' id='line_1_73' title="bbox 1294 2914 2230 3016; baseline 0.003 -34"><span class='ocrx_word' id='word_1_416' title='bbox 1294 2918 1379 2982; x_wconf 88' lang='lat' dir='ltr'><strong><em>dum</em></strong></span> <span class='ocrx_word' id='word_1_417' title='bbox 1397 2917 1510 2985; x_wconf 88' lang='lat' dir='ltr'><strong><em>leonis</em></strong></span> <span class='ocrx_word' id='word_1_418' title='bbox 1527 2914 1577 2995; x_wconf 70' lang='lat'><strong><em>24</em></strong></span> <span class='ocrx_word' id='word_1_419' title='bbox 1594 2919 1687 3007; x_wconf 82' lang='lat' dir='ltr'><strong><em>long.</em></strong></span> <span class='ocrx_word' id='word_1_420' title='bbox 1704 2933 1738 2990; x_wconf 91' lang='lat' dir='ltr'><strong><em>et</em></strong></span> <span class='ocrx_word' id='word_1_421' title='bbox 1756 2921 1844 2991; x_wconf 87' lang='lat' dir='ltr'><strong><em>latit.</em></strong></span> <span class='ocrx_word' id='word_1_422' title='bbox 1860 2921 1921 2992; x_wconf 78' lang='lat'><strong><em>30.</em></strong></span> <span class='ocrx_word' id='word_1_423' title='bbox 1977 2925 2047 2996; x_wconf 80' lang='lat' dir='ltr'><strong><em>Sed</em></strong></span> <span class='ocrx_word' id='word_1_424' title='bbox 2074 2916 2230 3016; x_wconf 75' lang='lat' dir='ltr'><strong><em>graduale</em></strong></span> 
     </span>
     <span class='ocr_line' id='line_1_74' title="bbox 1294 3017 2223 3118; baseline 0.004 -34"><span class='ocrx_word' id='word_1_425' title='bbox 1294 3017 1351 3085; x_wconf 90' lang='lat' dir='ltr'><strong><em>die</em></strong></span> <span class='ocrx_word' id='word_1_426' title='bbox 1366 3017 1523 3087; x_wconf 78' lang='lat' dir='ltr'><strong><em>fortassis</em></strong></span> <span class='ocrx_word' id='word_1_427' title='bbox 1539 3043 1612 3088; x_wconf 93' lang='grc'><strong><em>555</em></strong></span> <span class='ocrx_word' id='word_1_428' title='bbox 1631 3022 1851 3093; x_wconf 90' lang='lat' dir='ltr'><strong><em>conveniunt</em></strong></span> <span class='ocrx_word' id='word_1_429' title='bbox 1863 3039 2013 3118; x_wconf 89' lang='lat' dir='ltr'><strong><em>propter</em></strong></span> <span class='ocrx_word' id='word_1_430' title='bbox 2031 3037 2154 3098; x_wconf 88' lang='lat' dir='ltr'><strong><em>motum</em></strong></span> <span class='ocrx_word' id='word_1_431' title='bbox 2168 3031 2223 3088; x_wconf 72' lang='lat' dir='ltr'><strong><em>octo</em></strong></span> 
     </span>
     <span class='ocr_line' id='line_1_75' title="bbox 1294 3113 2222 3217; baseline -0.004 -31"><span class='ocrx_word' id='word_1_432' title='bbox 1294 3143 1358 3188; x_wconf 89' lang='lat' dir='ltr'><strong><em>vae</em></strong></span> <span class='ocrx_word' id='word_1_433' title='bbox 1380 3113 1549 3210; x_wconf 89' lang='lat' dir='ltr'><strong><em>sphaerae</em></strong></span> <span class='ocrx_word' id='word_1_434' title='bbox 1571 3118 1768 3212; x_wconf 85' lang='lat' dir='ltr'><strong><em>proprium.</em></strong></span> <span class='ocrx_word' id='word_1_435' title='bbox 1826 3123 1901 3194; x_wconf 92' lang='lat' dir='ltr'><strong><em>Alii</em></strong></span> <span class='ocrx_word' id='word_1_436' title='bbox 1923 3127 1978 3196; x_wconf 90' lang='lat' dir='ltr'><strong><em>ibi</em></strong></span> <span class='ocrx_word' id='word_1_437' title='bbox 1999 3117 2222 3217; x_wconf 59' lang='grc'><strong>1555515555-</strong></span> 
     </span>
     <span class='ocr_line' id='line_1_76' title="bbox 1294 3215 2234 3306; baseline 0.002 -18"><span class='ocrx_word' id='word_1_438' title='bbox 1294 3243 1378 3306; x_wconf 87' lang='lat' dir='ltr'><strong><em>nos,</em></strong></span> <span class='ocrx_word' id='word_1_439' title='bbox 1401 3220 1464 3289; x_wconf 90' lang='lat' dir='ltr'><strong><em>alii</em></strong></span> <span class='ocrx_word' id='word_1_440' title='bbox 1488 3218 1649 3296; x_wconf 76' lang='lat' dir='ltr'><strong><em>Triches.</em></strong></span> <span class='ocrx_word' id='word_1_441' title='bbox 1699 3221 1797 3293; x_wconf 91' lang='lat' dir='ltr'><strong><em>Haec</em></strong></span> <span class='ocrx_word' id='word_1_442' title='bbox 1818 3226 1917 3298; x_wconf 80' lang='lat' dir='ltr'><strong><em>vides</em></strong></span> <span class='ocrx_word' id='word_1_443' title='bbox 1939 3229 2129 3299; x_wconf 87' lang='lat' dir='ltr'><strong><em>convenire</em></strong></span> <span class='ocrx_word' id='word_1_444' title='bbox 2146 3215 2234 3295; x_wconf 71' lang='grc'><strong>55515</strong></span> 
     </span>
     <span class='ocr_line' id='line_1_77' title="bbox 1296 3319 2235 3423; baseline -0.004 -31"><span class='ocrx_word' id='word_1_445' title='bbox 1296 3319 1340 3392; x_wconf 74' lang='lat' dir='ltr'><strong><em>[tit</em></strong></span> <span class='ocrx_word' id='word_1_446' title='bbox 1359 3323 1503 3414; x_wconf 90' lang='lat' dir='ltr'><strong><em>quidem</em></strong></span> <span class='ocrx_word' id='word_1_447' title='bbox 1522 3325 1583 3417; x_wconf 90' lang='lat' dir='ltr'><strong><em>qui</em></strong></span> <span class='ocrx_word' id='word_1_448' title='bbox 1599 3323 1724 3412; x_wconf 84' lang='lat' dir='ltr'><strong><em>globos</em></strong></span> <span class='ocrx_word' id='word_1_449' title='bbox 1737 3325 1927 3418; x_wconf 76' lang='lat' dir='ltr'><strong><em>diligenter</em></strong></span> <span class='ocrx_word' id='word_1_450' title='bbox 1942 3333 2097 3423; x_wconf 86' lang='lat' dir='ltr'><strong><em>pingunt</em></strong></span> <span class='ocrx_word' id='word_1_451' title='bbox 2109 3321 2235 3399; x_wconf 81' lang='grc'><strong>11555115-</strong></span> 
     </span>
     <span class='ocr_line' id='line_1_78' title="bbox 1295 3423 1739 3503; baseline 0.002 -8"><span class='ocrx_word' id='word_1_452' title='bbox 1295 3437 1375 3495; x_wconf 84' lang='grc'><strong>5551</strong></span> <span class='ocrx_word' id='word_1_453' title='bbox 1390 3447 1525 3494; x_wconf 84' lang='lat' dir='ltr'><strong><em>curnam</em></strong></span> <span class='ocrx_word' id='word_1_454' title='bbox 1540 3423 1739 3503; x_wconf 85' lang='lat' dir='ltr'><strong><em>Berenices.</em></strong></span> 
     </span>
    </p>

    <p class='ocr_par' dir='ltr' id='par_1_28' title="bbox 1296 3537 2248 4025">
     <span class='ocr_line' id='line_1_79' title="bbox 1397 3537 2240 3634; baseline -0.006 -22"><span class='ocrx_word' id='word_1_455' title='bbox 1397 3539 1506 3634; x_wconf 89' lang='lat' dir='ltr'><strong><em>Apud</em></strong></span> <span class='ocrx_word' id='word_1_456' title='bbox 1521 3537 1689 3614; x_wconf 83' lang='lat' dir='ltr'><strong><em>Plinium</em></strong></span> <span class='ocrx_word' id='word_1_457' title='bbox 1707 3569 1807 3617; x_wconf 88' lang='lat' dir='ltr'><strong><em>error</em></strong></span> <span class='ocrx_word' id='word_1_458' title='bbox 1821 3560 1884 3626; x_wconf 83' lang='lat' dir='ltr'><strong><em>est.</em></strong></span> <span class='ocrx_word' id='word_1_459' title='bbox 1910 3549 1994 3634; x_wconf 89' lang='lat' dir='ltr'><strong><em>nisi,</em></strong></span> <span class='ocrx_word' id='word_1_460' title='bbox 2022 3567 2060 3624; x_wconf 88' lang='lat' dir='ltr'><strong><em>ut</em></strong></span> <span class='ocrx_word' id='word_1_461' title='bbox 2078 3545 2157 3621; x_wconf 91' lang='lat' dir='ltr'><strong><em>mihi</em></strong></span> <span class='ocrx_word' id='word_1_462' title='bbox 2171 3541 2240 3612; x_wconf 86' lang='lat' dir='ltr'><strong><em>vide-</em></strong></span> 
     </span>
     <span class='ocr_line' id='line_1_80' title="bbox 1297 3643 2243 3742; baseline 0.001 -27"><span class='ocrx_word' id='word_1_463' title='bbox 1297 3659 1373 3726; x_wconf 89' lang='lat' dir='ltr'><strong><em>tur,</em></strong></span> <span class='ocrx_word' id='word_1_464' title='bbox 1405 3645 1540 3738; x_wconf 91' lang='lat' dir='ltr'><strong><em>aliquid</em></strong></span> <span class='ocrx_word' id='word_1_465' title='bbox 1573 3649 1687 3729; x_wconf 88' lang='lat' dir='ltr'><strong><em>deest,</em></strong></span> <span class='ocrx_word' id='word_1_466' title='bbox 1720 3661 1782 3718; x_wconf 89' lang='lat' dir='ltr'><strong><em>aut</em></strong></span> <span class='ocrx_word' id='word_1_467' title='bbox 1802 3654 2059 3742; x_wconf 86' lang='lat' dir='ltr'><strong><em>transpositum</em></strong></span> <span class='ocrx_word' id='word_1_468' title='bbox 2082 3667 2128 3722; x_wconf 87' lang='lat' dir='ltr'><strong><em>est</em></strong></span> <span class='ocrx_word' id='word_1_469' title='bbox 2151 3650 2180 3717; x_wconf 92' lang='lat' dir='ltr'><strong><em>in</em></strong></span> <span class='ocrx_word' id='word_1_470' title='bbox 2200 3643 2243 3713; x_wconf 78' lang='lat' dir='ltr'><strong><em>illo</em></strong></span> 
     </span>
     <span class='ocr_line' id='line_1_81' title="bbox 1297 3743 2246 3836; baseline 0.013 -20"><span class='ocrx_word' id='word_1_471' title='bbox 1297 3746 1405 3816; x_wconf 88' lang='lat' dir='ltr'><strong><em>Plinii</em></strong></span> <span class='ocrx_word' id='word_1_472' title='bbox 1420 3747 1511 3822; x_wconf 91' lang='lat' dir='ltr'><strong><em>loco.</em></strong></span> <span class='ocrx_word' id='word_1_473' title='bbox 1562 3747 1632 3820; x_wconf 88' lang='lat' dir='ltr'><strong><em>Sed</em></strong></span> <span class='ocrx_word' id='word_1_474' title='bbox 1652 3773 1727 3818; x_wconf 92' lang='lat' dir='ltr'><strong><em>non</em></strong></span> <span class='ocrx_word' id='word_1_475' title='bbox 1741 3773 1823 3822; x_wconf 87' lang='lat' dir='ltr'><strong><em>raro</em></strong></span> <span class='ocrx_word' id='word_1_476' title='bbox 1846 3766 1940 3826; x_wconf 89' lang='lat' dir='ltr'><strong><em>errat</em></strong></span> <span class='ocrx_word' id='word_1_477' title='bbox 1958 3753 2117 3836; x_wconf 89' lang='lat' dir='ltr'><strong><em>Plinius,</em></strong></span> <span class='ocrx_word' id='word_1_478' title='bbox 2139 3763 2173 3826; x_wconf 88' lang='lat' dir='ltr'><strong><em>ut</em></strong></span> <span class='ocrx_word' id='word_1_479' title='bbox 2190 3743 2246 3827; x_wconf 66' lang='grc'><strong>1111·</strong></span> 
     </span>
     <span class='ocr_line' id='line_1_82' title="bbox 1296 3843 2248 3936; baseline -0.002 -18"><span class='ocrx_word' id='word_1_480' title='bbox 1296 3845 1343 3918; x_wconf 86' lang='lat' dir='ltr'><strong><em>Et</em></strong></span> <span class='ocrx_word' id='word_1_481' title='bbox 1376 3849 1568 3918; x_wconf 88' lang='lat' dir='ltr'><strong><em>ridiculum</em></strong></span> <span class='ocrx_word' id='word_1_482' title='bbox 1601 3843 1669 3936; x_wconf 85' lang='lat' dir='ltr'><strong><em>est,</em></strong></span> <span class='ocrx_word' id='word_1_483' title='bbox 1703 3849 1780 3922; x_wconf 91' lang='lat' dir='ltr'><strong><em>eius</em></strong></span> <span class='ocrx_word' id='word_1_484' title='bbox 1805 3865 1918 3926; x_wconf 85' lang='lat' dir='ltr'><strong><em>errata</em></strong></span> <span class='ocrx_word' id='word_1_485' title='bbox 1945 3859 2127 3929; x_wconf 84' lang='lat' dir='ltr'><strong><em>manifesta</em></strong></span> <span class='ocrx_word' id='word_1_486' title='bbox 2151 3847 2248 3922; x_wconf 76' lang='lat' dir='ltr'><strong><em>cattia</em></strong></span> 
     </span>
     <span class='ocr_line' id='line_1_83' title="bbox 1296 3949 1580 4025; baseline 0.018 -6"><span class='ocrx_word' id='word_1_487' title='bbox 1296 3949 1387 4020; x_wconf 88' lang='lat' dir='ltr'><strong><em>velle</em></strong></span> <span class='ocrx_word' id='word_1_488' title='bbox 1405 3974 1580 4025; x_wconf 83' lang='lat' dir='ltr'><strong><em>excusare.</em></strong></span> 
     </span>
    </p>
   </div>
   <div class='ocr_carea' id='block_1_25' title="bbox 972 4061 2313 4279">
    <p class='ocr_par' dir='ltr' id='par_1_29' title="bbox 972 4061 2313 4279">
     <span class='ocr_line' id='line_1_84' title="bbox 1400 4061 2313 4152; baseline -0.007 -12"><span class='ocrx_word' id='word_1_489' title='bbox 1400 4061 1458 4139; x_wconf 91' lang='lat' dir='ltr'><em>M</em></span> <span class='ocrx_word' id='word_1_490' title='bbox 1457 4064 1542 4137; x_wconf 82' lang='lat' dir='ltr'><strong><em>ileii</em></strong></span> <span class='ocrx_word' id='word_1_491' title='bbox 1557 4080 1690 4138; x_wconf 86' lang='lat' dir='ltr'><strong><em>veteres</em></strong></span> <span class='ocrx_word' id='word_1_492' title='bbox 1706 4093 1780 4139; x_wconf 90' lang='grc'><strong><em>555</em></strong></span> <span class='ocrx_word' id='word_1_493' title='bbox 1795 4073 2050 4152; x_wconf 84' lang='lat' dir='ltr'><strong><em>meminerunt.</em></strong></span> <span class='ocrx_word' id='word_1_494' title='bbox 2099 4073 2161 4146; x_wconf 89' lang='lat' dir='ltr'><strong><em>Sed</em></strong></span> <span class='ocrx_word' id='word_1_495' title='bbox 2180 4085 2250 4138; x_wconf 84' lang='lat' dir='ltr'><strong><em>nunc</em></strong></span> <span class='ocrx_word' id='word_1_496' title='bbox 2312 4121 2313 4126; x_wconf 54' lang='grc'>,</span> 
     </span>
     <span class='ocr_line' id='line_1_85' title="bbox 972 4147 2313 4279; baseline -0.014 -28"><span class='ocrx_word' id='word_1_497' title='bbox 972 4147 1243 4279; x_wconf 59' lang='lat' dir='ltr'><em>Q</em></span> <span class='ocrx_word' id='word_1_498' title='bbox 1298 4169 1444 4265; x_wconf 91' lang='lat' dir='ltr'><strong><em>quidem</em></strong></span> <span class='ocrx_word' id='word_1_499' title='bbox 1467 4182 1595 4240; x_wconf 89' lang='lat' dir='ltr'><strong><em>vocant</em></strong></span> <span class='ocrx_word' id='word_1_500' title='bbox 1610 4169 1774 4242; x_wconf 90' lang='lat' dir='ltr'><strong><em>milvium</em></strong></span> <span class='ocrx_word' id='word_1_501' title='bbox 1792 4173 1882 4246; x_wconf 92' lang='lat' dir='ltr'><strong><em>illud</em></strong></span> <span class='ocrx_word' id='word_1_502' title='bbox 1907 4175 2027 4270; x_wconf 79' lang='lat' dir='ltr'><strong><em>ipsum</em></strong></span> <span class='ocrx_word' id='word_1_503' title='bbox 2050 4179 2159 4258; x_wconf 69' lang='lat' dir='ltr'><strong><em>sidus,</em></strong></span> <span class='ocrx_word' id='word_1_504' title='bbox 2178 4163 2250 4266; x_wconf 87' lang='lat' dir='ltr'><strong><em>quod</em></strong></span> <span class='ocrx_word' id='word_1_505' title='bbox 2312 4191 2313 4248; x_wconf 75' lang='lat'>3</span> 
     </span>
    </p>
   </div>
   <div class='ocr_carea' id='block_1_26' title="bbox 1295 4269 2254 4536">
    <p class='ocr_par' dir='ltr' id='par_1_30' title="bbox 1295 4269 2254 4536">
     <span class='ocr_line' id='line_1_86' title="bbox 1295 4269 2166 4368; baseline 0.006 -25"><span class='ocrx_word' id='word_1_506' title='bbox 1295 4269 1428 4368; x_wconf 83' lang='lat' dir='ltr'><strong><em>Lyram</em></strong></span> <span class='ocrx_word' id='word_1_507' title='bbox 1445 4293 1611 4342; x_wconf 86' lang='lat' dir='ltr'><strong><em>vocamus</em></strong></span> <span class='ocrx_word' id='word_1_508' title='bbox 1619 4295 1629 4360; x_wconf 84' lang='lat'>3</span> <span class='ocrx_word' id='word_1_509' title='bbox 1653 4271 1757 4360; x_wconf 85' lang='lat' dir='ltr'><strong><em>item,</em></strong></span> <span class='ocrx_word' id='word_1_510' title='bbox 1781 4277 1959 4350; x_wconf 87' lang='lat' dir='ltr'><strong><em>vulturem</em></strong></span> <span class='ocrx_word' id='word_1_511' title='bbox 1979 4281 2166 4350; x_wconf 82' lang='lat' dir='ltr'><strong><em>cadentem.</em></strong></span> 
     </span>
     <span class='ocr_line' id='line_1_87' title="bbox 1301 4503 2254 4536; baseline 0.019 -13"><span class='ocrx_word' id='word_1_512' title='bbox 1301 4503 2254 4536; x_wconf 79' lang='lat'><strong><em>.......----...-...................--·</em></strong></span> 
     </span>
    </p>
   </div>
   <div class='ocr_carea' id='block_1_27' title="bbox 1297 4673 1499 4755">
    <p class='ocr_par' dir='ltr' id='par_1_31' title="bbox 1297 4673 1499 4755">
     <span class='ocr_line' id='line_1_88' title="bbox 1297 4673 1499 4755; baseline 0.015 -3"><span class='ocrx_word' id='word_1_513' title='bbox 1297 4675 1366 4752; x_wconf 88' lang='lat' dir='ltr'><strong><em>No.</em></strong></span> <span class='ocrx_word' id='word_1_514' title='bbox 1386 4673 1499 4755; x_wconf 88' lang='grc'><strong>6580.</strong></span> 
     </span>
    </p>
   </div>
   <div class='ocr_carea' id='block_1_28' title="bbox 1305 4775 1477 4821">
    <p class='ocr_par' dir='ltr' id='par_1_32' title="bbox 1305 4775 1477 4821">
     <span class='ocr_line' id='line_1_89' title="bbox 1305 4775 1477 4821; baseline 0 -17"><span class='ocrx_word' id='word_1_515' title='bbox 1305 4775 1477 4821; x_wconf 55' lang='grc' dir='ltr'><strong>Μ</strong></span> 
     </span>
    </p>
   </div>
   <div class='ocr_carea' id='block_1_29' title="bbox 1601 4879 2038 4999">
    <p class='ocr_par' dir='ltr' id='par_1_33' title="bbox 1601 4879 2038 4999">
     <span class='ocr_line' id='line_1_90' title="bbox 1601 4879 2038 4999; baseline 0.021 -30"><span class='ocrx_word' id='word_1_516' title='bbox 1601 4881 1677 4972; x_wconf 73' lang='lat' dir='ltr'><strong><em>tte.</em></strong></span> <span class='ocrx_word' id='word_1_517' title='bbox 1704 4879 1975 4999; x_wconf 79' lang='lat' dir='ltr'><strong><em>Agricolae.</em></strong></span> <span class='ocrx_word' id='word_1_518' title='bbox 2034 4893 2038 4901; x_wconf 78' lang='grc'><em>’</em></span> 
     </span>
    </p>
   </div>
   <div class='ocr_carea' id='block_1_30' title="bbox 2119 4681 2255 4759">
    <p class='ocr_par' dir='ltr' id='par_1_34' title="bbox 2119 4681 2313 4794">
     <span class='ocr_line' id='line_1_91' title="bbox 2119 4681 2255 4759; baseline 0 0"><span class='ocrx_word' id='word_1_519' title='bbox 2119 4688 2171 4759; x_wconf 78' lang='lat' dir='ltr'><strong><em>et.</em></strong></span> <span class='ocrx_word' id='word_1_520' title='bbox 2191 4681 2255 4758; x_wconf 75' lang='lat' dir='ltr'><strong><em>Auo</em></strong></span> 
     </span>
    </p>
   </div>
   <div class='ocr_carea' id='block_1_31' title="bbox 1368 5053 2313 5142">
    <p class='ocr_par' dir='ltr' id='par_1_35' title="bbox 1368 5020 2313 5142">
     <span class='ocr_line' id='line_1_92' title="bbox 1368 5053 2313 5142; baseline 0.004 -24"><span class='ocrx_word' id='word_1_521' title='bbox 1368 5063 1453 5135; x_wconf 73' lang='lat' dir='ltr'><strong><em>epra.</em></strong></span> <span class='ocrx_word' id='word_1_522' title='bbox 1470 5061 1517 5118; x_wconf 77' lang='lat' dir='ltr'><strong><em>aa.</em></strong></span> <span class='ocrx_word' id='word_1_523' title='bbox 1533 5063 1569 5118; x_wconf 89' lang='grc'><strong><em>5.</em></strong></span> <span class='ocrx_word' id='word_1_524' title='bbox 1588 5062 1689 5134; x_wconf 65' lang='grc'><strong>...555</strong></span> <span class='ocrx_word' id='word_1_525' title='bbox 1710 5066 1766 5132; x_wconf 75' lang='lat' dir='ltr'><strong><em>aa</em></strong></span> <span class='ocrx_word' id='word_1_526' title='bbox 1782 5063 1870 5122; x_wconf 73' lang='lat' dir='ltr'><strong><em>none.</em></strong></span> <span class='ocrx_word' id='word_1_527' title='bbox 1889 5065 1985 5126; x_wconf 82' lang='grc'><strong>5.,5.</strong></span> <span class='ocrx_word' id='word_1_528' title='bbox 2004 5087 2047 5142; x_wconf 65' lang='grc' dir='ltr'><strong>φ.</strong></span> <span class='ocrx_word' id='word_1_529' title='bbox 2060 5066 2139 5134; x_wconf 68' lang='lat' dir='ltr'><strong><em>eoos.</em></strong></span> <span class='ocrx_word' id='word_1_530' title='bbox 2155 5091 2185 5104; x_wconf 90' lang='lat'>-</span> <span class='ocrx_word' id='word_1_531' title='bbox 2220 5053 2256 5110; x_wconf 71' lang='lat' dir='ltr'><strong><em>tie</em></strong></span> <span class='ocrx_word' id='word_1_532' title='bbox 2312 5069 2313 5122; x_wconf 54' lang='lat' dir='ltr'><strong><em>a</em></strong></span> 
     </span>
    </p>
   </div>
   <div class='ocr_carea' id='block_1_32' title="bbox 1405 5133 1931 5207">
    <p class='ocr_par' dir='ltr' id='par_1_36' title="bbox 1405 5133 1931 5207">
     <span class='ocr_line' id='line_1_93' title="bbox 1405 5133 1931 5207; baseline 0.01 -19"><span class='ocrx_word' id='word_1_533' title='bbox 1405 5149 1435 5188; x_wconf 82' lang='lat' dir='ltr'><strong><em>er</em></strong></span> <span class='ocrx_word' id='word_1_534' title='bbox 1453 5134 1621 5207; x_wconf 75' lang='lat' dir='ltr'><strong><em>autographo</em></strong></span> <span class='ocrx_word' id='word_1_535' title='bbox 1639 5134 1669 5190; x_wconf 85' lang='lat' dir='ltr'><strong><em>in</em></strong></span> <span class='ocrx_word' id='word_1_536' title='bbox 1687 5134 1751 5193; x_wconf 75' lang='lat' dir='ltr'><strong><em>cod.</em></strong></span> <span class='ocrx_word' id='word_1_537' title='bbox 1770 5133 1852 5193; x_wconf 82' lang='lat' dir='ltr'><strong><em>Goth.</em></strong></span> <span class='ocrx_word' id='word_1_538' title='bbox 1871 5139 1931 5193; x_wconf 71' lang='lat'><strong><em>400.</em></strong></span> 
     </span>
    </p>
   </div>
   <div class='ocr_carea' id='block_1_33' title="bbox 0 0 2394 6180">
    <p class='ocr_par' dir='ltr' id='par_1_37' title="bbox 0 0 2394 6180">
     <span class='ocr_line' id='line_1_94' title="bbox 0 0 2394 6180; baseline 0 0"><span class='ocrx_word' id='word_1_539' title='bbox 0 0 2394 6180; x_wconf 95' lang='lat' dir='ltr'><strong><em> </em></strong></span> 
     </span>
    </p>
   </div>
  </div>
 </body>
</html>
