4718 6176
130 261 202 337 ld!

123 433 251 504 edictis
280 447 317 508 et
344 431 560 524 gravastuss
582 437 711 529 poenis
740 460 901 510 coercere
932 441 1125 511 studerent.

120 536 174 610 Ut
187 533 352 607 Danielis
378 539 423 606 de
442 536 735 612 Nebocadnesare
757 555 793 614 et
806 539 917 612 Dario
934 539 1043 612 Medo
1061 543 1121 610 ab·

120 641 222 710 unde
245 649 422 710 testantur
445 631 628 716 historiae.
693 639 803 714 Dedit
835 667 919 712 vero
944 657 978 714 et
1004 640 1124 712 Gene-

120 737 247 810 vensis
276 737 433 832 Reipub.
459 737 687 830 Magistratus
718 759 800 816 ante
827 769 942 816 annos
973 757 1125 838 quatuor

120 843 276 936 punitae
307 841 516 911 insanabilis
551 839 789 936 blasphemiae
815 849 984 918 adversus
1010 845 1123 916 filium

118 940 215 1030 Dei,
250 941 391 1014 sublato
411 937 556 1014 Servata
578 944 763 1038 Arragone
779 947 877 1042 pium
901 963 935 1022 et
951 973 1124 1018 memora-

121 1047 202 1118 hile
219 1045 268 1114 ad
284 1069 428 1114 ornnem
450 1048 688 1138 posteritatem
706 1051 918 1142 exemplum.

227 1141 336 1216 Hanc
358 1147 453 1240 piam
480 1173 599 1218 curam
625 1151 776 1221 tollendi
791 1149 972 1224 Alastoras
990 1165 1024 1223 et
1039 1177 1124 1242 pro-

123 1248 318 1322 fessionem
350 1249 541 1340 impiorum
575 1253 800 1342 dogmatum,
837 1280 926 1348 quae
957 1255 1125 1324 adversus

123 1349 243 1425 Deum
270 1349 388 1442 palam
414 1351 667 1422 contumeliosa
691 1369 793 1435 sunt,
827 1359 857 1425 si
886 1355 1067 1447 Principes
1091 1369 1124 1424 et

127 1453 361 1544 Magistratus
381 1467 442 1524 aut
465 1453 509 1522 ad
535 1448 713 1528 seminus
738 1457 933 1549 pertinere,
964 1469 1026 1528 aut
1055 1457 1124 1526 sibi

133 1557 240 1626 licere
251 1551 472 1626 arbitrantur
494 1555 630 1626 ociosos
645 1573 858 1650 spectatores
873 1584 947 1630 esse
970 1555 1124 1652 propha-

140 1657 211 1728 nati
221 1651 408 1744 Evangelii
420 1670 453 1728 et
468 1657 624 1727 nominis
639 1661 754 1729 divini
771 1661 983 1733 contumelia
998 1661 1124 1732 adlecti

135 1757 170 1826 in
184 1757 259 1828 suis
275 1757 483 1842 territoriis,
512 1781 586 1828 non
609 1759 725 1832 solum
747 1763 856 1834 officii
868 1765 938 1834 sibi
952 1761 1125 1834 divinitus

125 1857 308 1931 commissi
325 1859 547 1951 praecipuam
565 1875 698 1952 partem
720 1889 794 1934 non
811 1865 1035 1956 intelligunt,
1061 1865 1121 1934 sed

125 1961 235 2032 etiam
260 1961 318 2032 sui
341 1961 487 2052 periculi
514 1961 678 2052 ignorant
702 1967 1002 2058 magnitudinem,
1039 1967 1124 2036 dum

122 2059 239 2134 alieni
253 2061 394 2132 sceleris
410 2077 444 2136 ct
457 2065 570 2134 socios
586 2088 623 2134 se
637 2079 673 2138 et
686 2091 765 2137 reos
780 2069 926 2140 iaciunt.

230 2159 420 2236 Debebant
442 2179 558 2236 autem
580 2168 783 2266 meminisse
806 2170 1034 2261 gravissimae
1052 2167 1125 2238 irae

120 2265 215 2352 Dei,
246 2285 357 2361 quam
369 2265 439 2336 sibi
461 2282 627 2360 perpetua
646 2271 836 2344 omissione
852 2271 1031 2366 praecipui
1046 2269 1126 2340 olli-

120 2369 172 2440 cii
197 2367 408 2454 cumulant,
443 2381 479 2438 et
505 2370 804 2442 atrocissimorum
834 2397 1049 2466 poenarum,
1081 2373 1126 2440 de

120 2469 262 2565 quibus
276 2469 508 2542 concionatur
524 2496 592 2540 vox
609 2473 730 2545 divina
753 2476 918 2570 inquiens
936 2477 953 2546 1
971 2473 1061 2564 Reg.
1073 2475 1125 2546 2.:

120 2571 369 2666 glorificantes
384 2595 440 2641 me
458 2572 681 2662 glorificabo,
709 2589 745 2646 et
759 2589 1023 2649 contemnentes
1043 2577 1126 2647 red·

121 2679 211 2746 dam
231 2685 468 2766 contemptos.
532 2669 582 2745 Et
603 2671 711 2746 Zach.
732 2679 807 2751 10.:
839 2704 944 2772 super
971 2691 1126 2772 pastores

122 2773 257 2868 populi
289 2774 401 2846 iratus
427 2789 480 2848 est
507 2777 609 2848 suror
628 2800 740 2856 meus.
799 2779 870 2854 Sed
893 2783 932 2852 in
963 2780 1125 2852 omnium

123 2877 299 2948 manibus
319 2891 404 2948 sunt
426 2873 495 2947 Dei
510 2879 680 2951 beneficio
695 2877 898 2974 Prophetici
920 2895 954 2952 et
969 2877 1125 2974 Aposto-

123 2979 186 3049 lici
206 2977 316 3064 lutri,
341 2989 377 3048 et
398 2991 516 3052 extant
532 2995 735 3054 nostrorum
755 2977 943 3056 hominum
966 2985 1010 3055 de
1031 3007 1069 3052 ea
1087 3005 1126 3052 re

126 3081 299 3154 uberiora
322 3080 461 3172 scripta.
520 3080 624 3154 Hanc
646 3107 730 3154 vero
751 3085 1126 3158 commonefactionem

129 3183 337 3252 addidimus
368 3183 600 3272 publicationi
634 3207 815 3274 errorum,
849 3191 906 3258 vel
931 3188 1049 3281 potius
1069 3186 1128 3254 in-

136 3285 249 3354 saniae
267 3277 494 3370 'l'hammeri‚
519 3299 559 3357 ut
582 3299 713 3358 extaret
729 3285 968 3361 Ecclesiarum
987 3301 1130 3359 nostra-

142 3407 213 3452 rum
227 3387 273 3454 de
289 3379 435 3453 homine
457 3387 628 3478 flagitiose
648 3390 759 3482 impio
778 3405 811 3461 et
827 3391 994 3462 adversus
1011 3387 1127 3460 Deum

142 3485 302 3555 scelerato
319 3485 508 3573 iudicium,
531 3503 565 3561 et
579 3489 721 3579 publice
737 3507 929 3578 constaret,
950 3517 1015 3564 nos
1027 3494 1127 3562 furo-

136 3609 187 3657 rrs
208 3587 307 3671 eins,
340 3599 380 3656 ut
402 3613 466 3680 par
488 3605 540 3664 est
554 3593 718 3662 detestari
740 3591 817 3664 loco
834 3610 975 3679 nostro,
1001 3615 1128 3688 eosque

131 3703 169 3760 ut
201 3711 292 3760 voce
311 3687 435 3759 divina
460 3706 494 3763 et
522 3693 683 3762 omnium
705 3691 901 3766 Doctorum
929 3693 1069 3788 scriptis
1091 3693 1129 3760 in

129 3789 294 3862 Ecclesia
309 3787 375 3860 Dei
390 3789 461 3860 iarn
478 3791 614 3864 dudum
631 3795 814 3866 damnatos
831 3795 994 3868 execrari.
1033 3791 1129 3865 Ora-

128 3917 214 3962 mus
229 3905 348 3961 antem
363 3889 476 3962 filiurn
492 3891 560 3966 Dei
574 3887 687 3996 λόγον
699 3891 823 3972 ἀΐδιον
840 3893 964 3970 ἀϊδίου
980 3891 1129 3993 πατρὸς,

130 3994 322 4065 custodem
351 3991 530 4066 Ecclesiae
559 4011 632 4070 toto
656 4013 830 4070 terrarum
859 4003 964 4087 orbe,
997 4009 1038 4069 ut
1065 4019 1131 4066 uos

130 4117 265 4167 omnes
280 4095 358 4164 luce
372 4096 472 4166 verbi
487 4097 540 4168 sui
555 4101 745 4190 gubernet,
778 4116 812 4172 et
834 4125 914 4173 vasa
928 4099 1131 4171 misericor-

128 4199 216 4268 diae
232 4196 400 4268 salutaria
415 4193 590 4270 Ecclesiae
603 4212 637 4271 et
650 4203 754 4274 nobis
768 4199 883 4287 iaciat,
909 4229 948 4274 ac
962 4203 1131 4296 reprimat

129 4297 324 4370 diabolum
335 4299 573 4390 impellentem
582 4325 779 4392 organasua
794 4306 837 4374 ad
849 4305 1130 4375 maledicendum

130 4399 231 4479 Deo,
249 4395 444 4490 Evangelio
456 4413 490 4470 et
500 4395 687 4491 Ecclesiae,
710 4418 743 4476 et
757 4405 910 4496 glorioso
925 4427 989 4478 suo
1000 4405 1132 4474 adveu-

131 4517 198 4587 tu,
231 4523 339 4596 quem
355 4493 439 4573 laeti
453 4519 693 4594 expectamus,
726 4507 830 4576 linem
848 4506 952 4578 iaciat
971 4507 1132 4578 tristissi-

130 4625 280 4674 marum
297 4601 336 4672 in
349 4625 476 4693 genere
486 4599 643 4678 humano
655 4609 909 4682 confusionem.
945 4607 1134 4678 Witeber-

131 4729 204 4798 gae
217 4704 276 4774 die
286 4699 421 4796 Aprilis
431 4705 489 4776 10.
523 4701 632 4778 Anno
648 4703 819 4782 aChristo
833 4723 916 4780 nato
932 4733 1036 4800 supra
1051 4707 1135 4777 mil-

134 4806 308 4878 lesimum
323 4805 645 4901 quingentesimum
667 4811 959 4906 quinquagesimo
973 4809 1135 4902 septimo.

695 261 1131 344 EPISTOLARUM
1180 257 1289 334 nte.
1323 254 1425 334 Xlll.
1480 255 1614 335 1657.

2090 279 2169 354 m

1179 447 1290 511 stum,
1329 453 1404 502 non
1430 430 1597 502 iustificat
1621 447 1923 523 peccatoretn.—
1993 445 2031 521 ss.
2066 444 2166 522 bons

1175 557 1282 628 opera
1298 556 1361 604 sen
1373 534 1562 624 praestatio
1576 534 1685 604 oflicii
1700 551 1751 608 est
1766 563 1848 610 vera
1865 543 1967 624 fides,
1993 541 2079 620 haec
2095 556 2166 622 sal..

1176 650 1253 721 vat,
1280 659 1355 706 non
1369 636 1443 708 ills.
1461 641 1510 694 έ-
1561 633 1597 706 8.
1623 632 1756 710 Christi
1775 642 1966 729 nativitas,-
1986 651 2164 734 meritum

1175 763 1279 824 crux,
1306 761 1420 822 mors,
1440 738 1669 818 resurrectio,
1695 743 1869 828 ascensio,
1895 765 1968 816 non
1985 753 2166 826 sullieiunt

1175 843 1220 912 ad
1241 839 1524 910 iustificationem
1548 843 1818 932 peccatoris.·-
1869 845 1907 920 4.
1940 848 2165 926 Peccatorunr

1174 943 1334 1012 omnium
1362 941 1556 1010 maximum
1585 955 1637 1012 est
1661 944 1816 1014 occisum
1848 969 1921 1016 esse
1946 951 2058 1024 filium
2085 955 2165 1038 Dei,

1175 1057 1326 1114 statuere
1339 1057 1456 1114 autem
1471 1037 1538 1112 hoc
1552 1043 1747 1116 maximum
1768 1061 1948 1138 peccatum
1965 1055 2031 1124 tibi
2048 1056 2166 1150 impu·

1175 1147 1241 1215 tari
1257 1147 1302 1215 ad
1318 1143 1504 1227 iusticiam,
1526 1157 1680 1214 extrema
1694 1147 1832 1220 insania
1849 1163 1911 1220 est.
1923 1187 1972 1208 -
2006 1152 2043 1230 6.
2058 1155 2166 1230 Chri·

1174 1262 1248 1318 stus
1274 1271 1349 1316 non
1374 1259 1427 1318 est
1449 1247 1528 1314 ideo
1553 1259 1733 1334 mortuus,
1765 1264 1806 1322 ut
1827 1253 1884 1322 vel
1906 1254 1972 1326 tibi
1996 1259 2052 1328 vel
2074 1257 2165 1332 milti

1176 1350 1251 1419 eins
1284 1372 1381 1420 mors
1414 1349 1470 1418 vel
1501 1350 1710 1418 resurrectio
1736 1355 1780 1420 ad
1811 1353 1985 1426 iusticiam
2013 1360 2165 1451 impute-

1176 1466 1247 1526 tur.
1274 1487 1316 1506 -
1384 1451 1420 1522 6.
1454 1448 1524 1520 Sed
1548 1472 1612 1539 per
1631 1445 1697 1522 hoc
1721 1450 2007 1547 Sacramentum,
2041 1461 2165 1551 idest,

1175 1563 1465 1652 mortemtsuam,
1504 1551 1695 1622 maximum
1720 1568 1901 1643 peccatum
1929 1561 2005 1651 ipse
2032 1568 2164 1656 patefe-

1175 1655 1232 1727 cit.
1252 1691 1298 1708 -
1358 1653 1395 1726 7.
1430 1651 1498 1722 Per
1510 1645 1645 1723 Christi
1663 1667 1812 1724 mortem
1829 1659 2022 1732 maximum
2042 1689 2164 1756 peeca-

1175 1771 1250 1826 tum
1280 1755 1454 1834 innotuit,
1498 1767 1538 1823 ut
1567 1778 1630 1822 nos
1658 1755 1748 1826 illud
1777 1782 1884 1848 porro
1913 1761 2165 1852 trigamus...

1175 1859 1211 1932 8.
1243 1857 1312 1927 Per
1324 1858 1616 1928 resurrectionem
1632 1856 1707 1926 eius
1726 1881 1861 1930 summa
1878 1859 2015 1936 iusticia
2035 1868 2164 1952 illusit,

1175 1961 1213 2028 in
1231 1983 1300 2052 qua
1312 1959 1343 2028 si
1358 1960 1453 2028 iuxta
1477 1959 1676 2050 exemplum
1697 1955 1832 2030 Christi
1854 1963 2064 2050 vixerimus,
2097 1993 2165 2042 nos

1175 2084 1317 2154 quoque
1330 2059 1602 2144 resurreximus,
1620 2072 1654 2130 ct
1669 2084 1751 2130 vere
1763 2053 1959 2140 Christiani
1967 2091 2165 2147 snmus...

1175 2163 1211 2236 9.
1247 2160 1366 2232 Fateri
1395 2183 1460 2232 nos
1484 2183 1557 2230 esse
1580 2183 1729 2232 massam
1754 2168 1904 2255 peccati,
1942 2183 2048 2266 atque
2077 2176 2165 2246 adeo

1175 2263 1344 2357 quicquid
1365 2262 1403 2331 iu
1427 2263 1532 2331 nobis
1556 2275 1625 2346 est,
1659 2260 2165 2368 nihilpnssesliudnisipen·
2249 2293 2253 2303 ’

1175 2389 1273 2448 care,
1305 2377 1356 2434 est
1378 2362 1539 2433 doctrina
1563 2365 1835 2454 perversissima.
1854 2411 1906 2430 -
1966 2374 2027 2447 10.
2047 2374 2165 2452 ¹Nemo

1176 2492 1216 2536 ex
1240 2490 1337 2536 sacra
1358 2466 1529 2555 scriptura
1551 2466 1702 2555 probare
1724 2468 1870 2558 poterit,
1902 2475 2166 2566 nudam'lidem,

1177 2570 1232 2638 vel
1244 2567 1398 2638 alienam
1419 2566 1613 2651 iusticiam,
1644 2579 1705 2638 aut
1728 2581 1910 2642 externum
1926 2575 2166 2670 sliquodme-

1177 2672 1284 2742 ritum
1316 2667 1421 2739 nobis
1450 2669 1663 2760 imputatum
1695 2668 1894 2748 iustificare.
1952 2675 2042 2750 Nam
2070 2677 2166 2754 Deus

1175 2786 1264 2842 esset
1279 2763 1591 2868 προσωπολήπτης
1605 2783 1766 2860 acceptor
1777 2797 2027 2864 personarum,
2052 2781 2083 2850 si
2099 2807 2167 2854 no-

1176 2875 1229 2944 bis
1250 2873 1369 2966 impiis
1391 2883 1425 2942 et
1446 2871 1550 2940 malis
1569 2873 1797 2944 existentibus
1814 2875 1989 2949 iusticiam
2012 2881 2167 2974 imputa·
2290 2895 2297 2902 “

1176 2991 1246 3061 ret,
1269 2989 1304 3046 et
1317 2999 1391 3044 non
1404 2974 1523 3066 potius
1535 2997 1825 3068 unumquemque
1838 3001 1879 3048 ex
1893 2981 2060 3072 operibus
2072 2985 2168 3054 iudi-

1176 3089 1281 3150 caret.
1299 3121 1346 3134 -
1401 3075 1462 3146 11.
1488 3071 1796 3166 Quemadmodum
1813 3081 2057 3178 unusquisque
2072 3101 2169 3178 post-

1177 3203 1324 3274 eaquam
1345 3173 1571 3248 Christianus
1587 3175 1699 3247 lactus
1720 3193 1884 3270 operatus
1906 3197 1975 3270 est,
2008 3187 2083 3256 sive
2103 3187 2169 3258 bo-

1177 3306 1264 3352 num
1287 3279 1377 3350 illud
1403 3277 1511 3348 luerit
1532 3277 1606 3346 sive
1621 3278 1775 3365 malum,
1802 3279 1849 3350 ita
1870 3283 2066 3374 indicatur,
2093 3313 2167 3359 non

1178 3385 1273 3454 iuxta
1296 3382 1462 3452 meritum
1485 3373 1636 3464 Christi,
1678 3384 1772 3471 quod
1798 3383 1860 3453 ille
1882 3385 1951 3454 sibi
1967 3388 2043 3458 vult
2057 3413 2170 3461 reser-

1180 3509 1279 3568 vare,
1310 3495 1345 3554 et
1360 3507 1433 3553 non
1450 3481 1516 3552 tibi
1533 3495 1593 3552 aut
1608 3473 1696 3550 mihi
1711 3483 1903 3575 imputare,
1929 3481 1987 3556 hic
2001 3490 2101 3560 nulla
2118 3505 2170 3564 est

1179 3585 1375 3676 imputatio.
1392 3626 1440 3641 —-
1505 3584 1563 3654 12.
1596 3579 1664 3652 Per
1687 3584 1821 3652 nudam
1845 3599 1907 3657 aut
1928 3589 2039 3658 solam
2063 3589 2169 3662 fidem

1179 3687 1319 3756 nullum
1334 3687 1371 3754 lit
1384 3683 1573 3752 discrimen
1589 3684 1682 3752 inter
1696 3681 1849 3770 Turcas,
1874 3685 2043 3776 ludaeos,
2067 3689 2170 3763 Gen-

1180 3787 1258 3858 tiles
1282 3800 1315 3856 et
1334 3780 1575 3867 Christianos,
1616 3785 1676 3851 sed
1701 3807 1765 3874 per
1787 3809 1905 3856 veram
1923 3789 2048 3875 fidem,
2079 3817 2169 3888 quus

1180 3903 1230 3961 est
1244 3897 1421 3980 praestare
1436 3908 1540 3955 suum
1555 3883 1729 3970 officium,
1755 3909 1816 3956 seu
1830 3887 1958 3972 fidere,
1982 3885 2171 3968 &leuben

1180 3987 1329 4080 ltisleu.
1344 4027 1395 4042 -
1450 3985 1506 4058 ts.
1530 3983 1622 4057 Caro
1639 4009 1701 4056 seu
1719 3983 1919 4062 humanitas
1935 3985 2069 4067 Christi
2085 3995 2171 4068 lacit

1181 4089 1403 4164 solummodo
1419 4089 1463 4158 ad
1485 4087 1702 4178 agnitionem
1720 4089 1914 4162 voluntatis
1935 4093 2100 4181 divinae,
2124 4086 2171 4168 acl

1181 4195 1329 4266 salutern
1350 4183 1417 4262 scu'
1432 4189 1541 4260 vitam
1567 4183 1660 4260 nibil
1686 4193 1905 4282 prodest-
1957 4191 2017 4266 14.
2049 4193 2171 4268 Deitas

1182 4319 1267 4367 vern
1290 4307 1323 4366 et
1345 4289 1508 4384 spiritus,
1537 4289 1601 4360 ubi
1620 4290 1715 4362 iuxta
1738 4291 1895 4362 eiusdem
1911 4293 2109 4368 doctrinam
2125 4296 2171 4370 sd

1182 4396 1332 4490 gloriam
1348 4392 1416 4465 Dei
1429 4403 1593 4486 operatus
1608 4393 1735 4479 lucris,
1761 4393 1924 4468 vivificat.
1942 4429 1992 4478 ·.··
2044 4395 2103 4472 15.
2130 4392 2171 4472 Si

1184 4522 1290 4592 porro
1322 4497 1417 4589 patri
1447 4518 1559 4590 usque
1593 4495 1637 4564 ad
1672 4507 1820 4566 mortem
1852 4493 2023 4564 obediens
2052 4497 2172 4586 lucris,

1182 4613 1350 4694 tuamque
1370 4621 1507 4668 crucem
1528 4595 1743 4687 portaveris,
1773 4619 1812 4664 ac
1832 4607 1933 4664 tuum
1950 4595 2104 4670 officium
2120 4601 2173 4672 le-

1184 4701 1293 4784 ceris,
1336 4697 1633 4793 quemadmodum
1665 4691 1827 4765 Christns
1868 4693 1936 4765 tibi
1974 4699 2172 4793 exemplum

1185 4801 1349 4895 praebuit
1363 4821 1536 4894 suumque
1551 4799 1704 4866 officinm
1719 4795 1819 4879 lecit,
1844 4794 2050 4870 iustificatus
2062 4823 2110 4871 es.
2124 4843 2173 4861 -

1190 4901 1246 4976 16.
1266 4901 1306 4972 Si
1319 4895 1453 4971 Christi
1466 4912 1648 4968 externum
1663 4893 1831 4966 meritum
1848 4921 1912 4988 per
1925 4899 2057 4971 nudam
2069 4901 2174 4971 fidem

142 4993 268 5096 capita
318 5013 465 5096 prorum
518 4994 745 5064 Thessal
758 4999 807 5066 di
858 4999 1138 5100 Tlpptmenri
1187 5003 1291 5075 uobis
1307 5002 1520 5093 applicatum
1539 4992 1666 5066 s’ulbcit
1681 4999 1725 5066 ad
1740 4997 1931 5083 iusticiam,
1956 4999 2105 5092 adqnid
2123 5016 2175 5074 tot

142 5075 290 5147 Mundae
316 5097 353 5144 sn
378 5099 504 5147 samma
531 5081 612 5148 neda
638 5078 849 5168 Evangeliam
874 5084 939 5150 Des
964 5081 1139 5167 snfidslster
1189 5104 1402 5186 sententiae,
1433 5122 1521 5193 quae
1538 5101 1581 5166 de
1605 5097 1708 5167 bonis
1729 5099 1894 5190 operibus
1909 5099 2177 5188 concionantur,

565 5165 719 5234 docentis.

1190 5207 1293 5278 nobis
1308 5203 1541 5295 praescriptae
1555 5211 1648 5272 sunt.
1663 5241 1711 5256 -
1760 5199 1818 5272 17.
1844 5195 1909 5268 Vir
1923 5223 1997 5270 non
2009 5217 2062 5274 est
2074 5217 2178 5296 caput

251 5305 287 5380 1.
328 5299 412 5374 Sola
441 5303 546 5388 fides,
584 5327 674 5398 qnae
696 5304 824 5376 nititur
845 5307 1140 5398 promissionibus
1191 5307 1331 5382 uxoris,
1364 5303 1447 5396 quia
1472 5301 1529 5370 vir
1553 5315 1587 5370 et
1609 5315 1698 5371 uxor
1712 5315 1786 5368 una
1805 5317 1887 5368 caro
1904 5313 2004 5386 sunt,
2028 5304 2179 5398 ideoque

149 5405 286 5478 dismis
304 5405 350 5474 de
367 5405 521 5502 gratuita
536 5405 775 5476 misericordia
791 5407 863 5480 Dei
874 5421 1018 5502 propter
1033 5403 1141 5479 Citri-

1192 5420 1229 5479 et
1254 5401 1464 5500 toringiam
1491 5415 1656 5486 vocatur,
1689 5413 1728 5470 ut
1749 5398 1797 5470 sit
1818 5399 1911 5472 idem
1927 5403 2018 5474 velle
2037 5418 2071 5476 et
2085 5405 2179 5475 idern

1512 5519 1536 5588 9
1554 5514 1575 5555 Ι
