4718 6176
214 275 283 345 171
778 259 1217 342 EPISTOLARUM
1267 268 1504 364 ututur.
1559 285 1694 365 1557.
2129 359 2132 365 .
2177 299 2254 378 172

212 438 392 539 Georgi
401 468 422 514 o
455 430 723 536 Agricolae,
745 435 973 533 gubernanti
989 432 1118 512 studia
1137 435 1204 513 do-
1255 446 1321 522 No.
1334 452 1448 530 6270.
2099 489 2157 554 25,
2174 477 2249 548 lon.

214 547 354 617 ctriaae
380 545 419 614 io
444 542 586 640 inclyta
610 541 698 613 urbe
722 537 859 614 Norici
876 539 1082 642 Ambcrga,
1112 542 1206 643 sra-
1263 549 1433 582 '‘⁴''
2105 575 2252 604 m

575 646 626 716 tri
642 670 710 716 suo
725 643 855 720 cariss.
1477 663 1605 750 Hier.
1636 664 2026 784 Baumgarittert).

216 785 265 874 S.
288 794 333 872 D.
374 792 579 868 Clarissime
594 796 661 881 vir,
682 809 717 867 et
730 789 934 866 charissime
950 795 1072 883 frater,
1097 791 1206 869 Com·
1325 831 1412 906 Epi„
1425 835 1474 895 pb·
1493 838 1538 896 Vt.
1561 842 1651 914 pom
1672 865 1703 917 'q
1725 883 1733 900 ·
1752 875 1788 888 -
1822 846 1875 904 Hie
1896 867 1927 903 e.
1944 857 2058 923 autogr.
2079 852 2115 910 lo
2134 857 2162 912 tn
2182 860 2240 916 coa

216 901 318 970 muni
339 900 480 970 foedere
500 899 683 991 copulatae
704 913 839 968 mentes
856 898 1016 968 omnium
1025 949 1037 985 ,
1066 899 1128 994 qui
1142 897 1207 970 Fi·
1360 903 1473 990 Mpnac.
1487 907 1508 964 t.
1522 911 1617 994 1¹:2²²
1670 863 1724 969 ool
1744 913 1990 1000 berngarium,
2009 930 2040 974 ur
2058 871 2116 994 ip..
2138 896 2254 984 adseri-⁹

217 1006 306 1074 lium
325 1003 395 1074 Dei
420 1002 609 1082 invocant,
642 1023 715 1069 esse
738 1001 884 1084 debent,
917 999 1007 1072 sicut
1031 1001 1106 1094 ipse
1130 1000 1207 1072 vult
1359 985 1430 1051 Μ’
1448 992 1554 1052 ⁸⁰⁰‘P¹¹
1569 930 1693 1051 Μέθη
1714 988 1754 1042 ¹¹·
1767 983 1828 1040 ¹⁰¹¹¹
1843 1002 1893 1055 per
1906 988 2075 1048 barrama

216 1129 282 1176 nos
305 1127 427 1174 omnes
449 1127 561 1173 unum
587 1103 626 1172 in
649 1098 726 1172 Deo
751 1125 835 1176 esse.
895 1099 1016 1191 Diligo
1039 1103 1148 1195 igitur
1173 1115 1207 1174 et

216 1206 412 1280 Ecclesiam
440 1219 611 1290 vestram,
652 1218 686 1274 et
709 1202 840 1274 Filium
864 1202 931 1274 Dei
964 1229 1046 1292 oro,
1079 1218 1120 1277 ut
1142 1227 1207 1276 vos

219 1333 342 1382 omues
365 1321 525 1402 protegat
546 1321 580 1377 et
597 1307 780 1396 gubernet.
831 1303 956 1377 Postea
974 1307 1081 1378 etiam
1097 1320 1207 1378 natu-

218 1415 310 1484 rales
334 1434 457 1482 causae
472 1409 754 1480 benevolentiam
771 1431 886 1477 meam
904 1431 985 1499 erga
1004 1432 1066 1478 vos
1082 1431 1207 1480 omnes
1257 1386 1307 1478 S·
1334 1402 1378 1480 D.
1430 1402 1473 1475 ln
1489 1408 1636 1500 pagellis
1650 1435 1742 1505 quae
1763 1413 1907 1484 titulum
1922 1411 2054 1489 babent
2069 1417 2251 1494 Demetrii

1279 1146 1469 1224 Hieron.
1494 1149 1857 1252 Bomgortacro,
1900 1159 2078 1238 Senatori
2099 1169 2232 1266 inclyt.

1567 1259 1669 1333 urbis
1691 1257 1936 1360 Noribergac.

218 1529 360 1606 augent.
386 1509 509 1583 Iudico
524 1513 649 1582 urbem
665 1521 817 1580 vestram
833 1533 906 1580 esse
919 1525 1055 1602 partem
1071 1511 1207 1604 patriae
1257 1501 1499 1590 Phalerensis,
1528 1511 1698 1603 scriptum
1723 1529 1795 1600 est,
1830 1515 2057 1590 Aristotelem
2081 1539 2250 1613 rogatum

217 1643 328 1702 meae,
354 1605 815 1710 quiaElcctorisPalatini
827 1611 977 1704 imperio
992 1614 1208 1690 continetur.
1257 1621 1298 1680 ut
1317 1610 1362 1678 de
1390 1609 1552 1702 longiore
1583 1615 1788 1708 quaestione
1818 1623 2065 1712 responderet,
2098 1627 2249 1700 solitum

219 1720 291 1792 Sed
306 1717 439 1790 accedit
454 1715 642 1806 singularis
657 1738 772 1785 causa.
817 1711 1106 1808 Meuspatervir
1122 1740 1208 1809 pro·
1257 1711 1465 1782 rescribere:
1491 1710 1695 1809 ταῦταμὲν
1712 1715 1783 1791 οὐκ
1798 1716 1899 1793 ἔστιν
1916 1721 2138 1800 incoronari.
2185 1731 2251 1802 Sic

217 1825 322 1894 batus
340 1819 461 1892 multis
477 1819 582 1890 bouis
599 1816 846 1910 Principibus,
871 1830 954 1887 ante
974 1841 1089 1888 annos
1109 1831 1209 1889 octo·
1258 1835 1322 1903 ego
1344 1837 1423 1885 cum
1448 1816 1493 1885 de
1517 1817 1640 1889 multis
1668 1822 1804 1910 magnis
1824 1824 1930 1894 rebus
1952 1829 2056 1898 etiam
2082 1833 2253 1924 qnotidie

219 1927 317 2016 ginta
332 1923 535 1993 adolescens
549 1920 688 1990 inurbe
706 1933 818 1990 vestra
834 1917 1032 2011 viritapud
1048 1943 1118 2005 eos,
1144 1919 1208 2014 qui
1257 1928 1372 1987 tecum
1393 1917 1493 2012 loqui
1514 1922 1672 2012 cupiam,
1698 1947 1779 1992 cum
1804 1923 1841 1994 in
1866 1927 1978 1998 literis
2003 1929 2102 2001 illam
2124 1957 2251 2009 rerum

217 2023 402 2096 machinas
435 2023 581 2096 bellicas
607 2022 786 2108 fundunt,
822 2033 857 2090 et
881 2034 1000 2112 postea
1026 2045 1129 2114 saepe
1155 2022 1207 2093 ibi
1257 2016 1540 2108 magnitudinem
1572 2024 1758 2117 complecti
1787 2050 1862 2098 non
1890 2031 2043 2121 possim,
2075 2049 2158 2108 utar
2180 2034 2251 2112 hac

218 2131 307 2210 luit,
334 2152 374 2198 ac
399 2125 783 2197 vestraeurbismores
802 2122 1207 2213 etdisciplinaeseveri-
1258 2115 1485 2192 Aristotelica
1519 2127 1761 2214 excusatione,
1791 2128 2008 2224 ταῦταμὲν
2040 2133 2110 2209 οὐκ
2142 2138 2248 2216 ἔστιν

219 2247 327 2303 tatem
355 2229 465 2320 magis
491 2227 676 2307 laudabat,
716 2248 823 2322 quam
849 2218 1135 2321 Heidelbergac,
1167 2225 1207 2296 in
1257 2220 1480 2300 ἐπιστολικᾶ.
1537 2222 1720 2299 Annotavi
1751 2243 1870 2302 tamen
1895 2235 1933 2304 in
1951 2238 2086 2329 pagella
2110 2241 2247 2317 inserta

219 2357 290 2429 qua
314 2345 417 2404 natus
439 2343 526 2404 erat.
576 2326 735 2400 Haerent
758 2323 795 2396 bi
820 2350 1000 2398 sermones
1022 2328 1061 2397 in
1077 2328 1207 2400 teneris
1257 2321 1341 2396 huic
1365 2322 1547 2418 Epistulae
1574 2333 1747 2424 quaedam
1775 2327 1941 2407 historica
1972 2341 2017 2409 de
2045 2335 2118 2429 bis,
2151 2371 2248 2439 quae

218 2437 369 2520 animis,
395 2449 429 2506 et
453 2433 663 2512 obuersatur
684 2429 796 2500 menti
811 2429 920 2522 patris
936 2429 1004 2500 viri
1021 2431 1207 2523 prudentis
1256 2441 1519 2502 antecesserunt
1557 2447 1770 2505 conventum
1803 2429 2170 2538 Francosordianum
2206 2467 2245 2521 et

218 2555 252 2610 et
273 2537 425 2608 modesti
446 2537 574 2624 imago.
627 2531 701 2603 Nec
721 2555 865 2625 possum
890 2533 1206 2602 nonamarecivi-
1256 2529 1382 2625 alia¹).
1419 2530 1527 2621 Quod
1543 2533 1582 2604 iu
1598 2536 1731 2627 patriae
1748 2519 1979 2612 Academiaui
1992 2561 2239 2634 vocatus,non

217 2657 325 2712 tatem
352 2640 494 2730 abipso
518 2636 708 2709 laudatam.
766 2631 864 2704 llaec
885 2633 956 2704 tuis
976 2635 1101 2704 amicis
1127 2635 1207 2704 istic
1256 2646 1394 2704 tautum
1408 2632 1585 2727 Principis
1598 2638 1729 2724 literis,
1752 2642 1811 2710 sed
1829 2643 1934 2714 etiam
1949 2649 2142 2720 amicorum
2157 2655 2245 2724 dul-

217 2746 333 2834 legaS‚
358 2754 399 2812 ut
421 2741 533 2810 sciant
548 2761 604 2807 me
620 2761 743 2806 eorum
761 2735 1008 2808 benevolentia
1025 2737 1127 2807 valde
1144 2738 1207 2806 de·
1256 2734 1404 2804 cissimis
1428 2733 1736 2811 adhortationibus
1761 2765 1835 2812 non
1869 2770 1948 2816 sum
1981 2773 2022 2820 eo
2056 2753 2247 2844 protectus,

217 2844 350 2917 lectari.
396 2839 503 2932 Quod
521 2864 577 2910 me
594 2841 762 2910 adversus
778 2837 1030 2910 obtrectatores
1045 2838 1207 2925 tuemini,
1255 2838 1320 2908 etsi
1335 2838 1509 2910 desiderio
1523 2843 1657 2932 patriae
1672 2844 1823 2932 afficior,
1848 2842 1963 2919 habeo
1980 2857 2246 2930 excusationem

216 2949 373 3037 gaudeo,
408 2957 442 3014 et
464 2943 637 3016 iudicium
662 2942 706 3011 de
721 2965 779 3010 me
794 2953 969 3020 vestrum,
997 2953 1032 3012 et
1048 2940 1205 3012 benevo-
1255 2940 1426 3022 aulicam,
1452 2943 1536 3036 quia
1558 2942 1727 3038 Princeps
1743 2941 1896 3019 Elector
1909 2947 2124 3028 Saronicus
2151 2963 2249 3052 peti-

217 3051 365 3120 lentiam
386 3069 469 3138 erga
495 3069 550 3114 me
565 3043 716 3116 ostendi.
767 3040 838 3114 Sed
855 3041 1036 3112 doctrinae
1053 3043 1205 3114 sormam
1255 3042 1329 3132 vit,
1353 3056 1394 3113 ut
1408 3067 1599 3120 manerem.
1650 3043 1697 3119 Et
1712 3073 1786 3119 non
1803 3053 1905 3124 valde
1920 3061 2108 3145 contendi,
2130 3077 2172 3132 ut
2189 3066 2250 3134 di.

217 3176 321 3243 spero
336 3151 404 3240 piis
421 3163 455 3218 et
470 3147 631 3230 eruditis,
656 3158 690 3216 et
706 3148 798 3234 apud
816 3168 878 3214 vos
893 3157 928 3215 et
944 3143 1030 3214 alibi
1044 3146 1204 3236 probari.
1255 3145 1431 3232 mitterem
1460 3148 1559 3216 brevi
1584 3149 1677 3218 enim
1704 3175 1806 3242 spero
1827 3179 1885 3226 me
1907 3155 1946 3226 in
1970 3161 2156 3236 coelestem
2184 3191 2249 3258 pa-

215 3254 290 3325 Nec
314 3253 491 3322 discedam
516 3251 561 3320 ab
581 3245 648 3318 bac
669 3248 801 3328 forma,
835 3244 972 3317 etiamsi
995 3262 1057 3318 aut
1073 3261 1204 3318 veteres
1255 3247 1359 3318 triam
1393 3249 1631 3339 profecturum
1661 3276 1745 3330 esse.
1808 3255 1848 3327 Si
1882 3259 2068 3349 abiissem,
2099 3267 2245 3358 longius

217 3351 393 3438 Titanes,
417 3350 617 3436 Pontificii,
642 3363 702 3418 aut
717 3349 800 3418 novi
816 3372 857 3418 ex
872 3349 1016 3418 illorum
1033 3350 1204 3439 sanguine
1254 3349 1497 3442 processissem
1514 3350 1552 3420 in
1568 3375 1608 3422 ea
1621 3354 1716 3442 loca,
1731 3357 1792 3426 ubi
1809 3365 2022 3452 respondere
2031 3363 2248 3461 Sycophan-

216 3461 310 3544 nati,
337 3457 566 3546 refragentur.
601 3449 800 3521 Meministi
815 3451 852 3519 in
871 3450 1002 3520 fabulis
1019 3450 1110 3536 dici,
1135 3469 1204 3522 ter·
1255 3453 1342 3523 ticae
1358 3451 1545 3524 Flacianae
1561 3454 1708 3527 liberius
1724 3461 1928 3550 potuissem.

216 3587 292 3629 rasin
310 3586 349 3629 ex
360 3551 540 3627 Titanum
557 3553 728 3641 sanguine
744 3553 899 3642 gigantes
914 3553 1043 3622 deinde
1061 3554 1205 3640 genuis-

216 3690 264 3738 se.
325 3660 376 3731 lta
411 3686 452 3730 ex
477 3652 653 3748 Sophistis
679 3653 877 3724 Pontificiis
905 3655 1065 3724 videmus
1091 3679 1203 3724 novos

216 3761 419 3855 Sophistas,
450 3755 594 3832 Stoicos
620 3774 653 3828 et
676 3747 836 3851 Cynicos
862 3769 962 3827 natos
982 3779 1067 3832 esse.
1132 3755 1202 3829 Sed

215 3865 302 3938 baec
323 3867 421 3938 alias.
469 3861 660 3932 Preceomr
682 3874 797 3930 autem
815 3857 947 3929 Filium
965 3859 1054 3944 Dei,
1081 3871 1121 3928 ut
1138 3883 1204 3928 nos

216 3971 401 4058 gubernet,
426 3979 460 4034 et
473 3979 584 4034 servet
599 3959 778 4033 Ecclesiae
795 3960 961 4054 reliquias
978 3962 1071 4051 apud
1092 3984 1154 4030 vos
1170 3975 1204 4032 et
1356 3950 1517 4034 Carolus
1534 3957 1743 4063 Scioppius
1769 3967 1882 4042 Filius
1906 3975 2047 4048 diaconi
2064 3977 2247 4057 Ecclesiae

215 4073 313 4142 alibi.
364 4063 588 4139 Sebastiano
604 4058 953 4132 Probodediliteras
969 4065 1011 4132 ad
1026 4059 1203 4134 Abbatem
1255 4078 1407 4146 vestrae,
1432 4062 1673 4140 virbonestus
1698 4075 1909 4148 eteruditus
1932 4095 2002 4164 est,
2028 4095 2062 4152 et
2083 4107 2158 4155 non
2183 4114 2246 4159 re-

215 4173 354 4260 collegii
384 4163 749 4250 lleicbenbachensis,
800 4179 841 4235 ut
876 4165 1030 4236 voluisti.
1106 4162 1203 4235 Deus
1254 4182 1350 4238 cusat
1372 4165 1550 4240 Ecclesiae
1573 4184 1707 4244 vestrae
1729 4177 1880 4265 servire,
1905 4181 1996 4271 petit
2012 4197 2052 4256 ut
2065 4195 2243 4263 conceda.

213 4277 349 4346 tribuat
371 4273 447 4344 seni
472 4271 686 4340 mediocrem
708 4266 891 4351 nidulum,
928 4262 972 4338 τὸ
999 4261 1074 4364 yolo
1093 4264 1204 4366 γέρας
1254 4269 1398 4340 tursibi
1423 4271 1558 4342 diutius
1580 4273 1652 4344 srui
1678 4275 1868 4369 stipendio.
1931 4280 2056 4356 Iudico
2088 4289 2243 4380 dignum

216 4375 293 4449 ἐστὶ
333 4367 535 4476 γερόντων.
602 4368 803 4440 Meministi
839 4371 936 4438 enim
970 4367 1201 4440 Homericum
1254 4395 1326 4443 esse
1348 4374 1596 4447 benevolentia
1621 4391 1734 4448 vestra
1759 4395 1904 4472 propter
1931 4389 2170 4462 eruditionem
2206 4411 2244 4466 et

100 4509 104 4518 ,
214 4503 368 4554 versum.
417 4473 495 4567 Ego
517 4499 660 4568 quoque
684 4473 722 4541 in
738 4466 803 4540 bac
819 4486 956 4542 senecta
973 4471 1203 4566 tranquillio·
1252 4475 1407 4568 optimos
1430 4501 1567 4564 mores,
1598 4502 1678 4550 cum
1699 4481 1844 4574 quidem
1868 4486 1941 4556 rari
1963 4489 2054 4584 sint,
2085 4519 2243 4586 quorum

212 4607 287 4652 rem
315 4581 438 4650 nidum
464 4577 629 4670 optarim.
680 4572 790 4646 Mitto
813 4575 880 4644 tibi
902 4574 1076 4667 pagellas,
1111 4598 1202 4669 quae
1252 4577 1689 4672 laudarcmorespossim.
1742 4580 1851 4656 Vides
1873 4590 1969 4658 enim
1991 4596 2150 4686 quaesit
2172 4593 2242 4668 bo.

216 4685 331 4755 studia
350 4696 383 4752 et
398 4683 536 4750 labores
550 4691 692 4748 nostros
707 4691 888 4768 utcunque
905 4679 1108 4750 ostendunt.
1135 4675 1203 4747 Die
1253 4703 1332 4750 rum
1354 4694 1556 4776 temporum
1579 4682 1741 4765 licentia,
1774 4711 1881 4779 quam
1914 4705 2002 4764 tetra
2030 4695 2242 4790 disciplinae

213 4783 387 4856 lobannis
420 4779 611 4876 Baptistae.
675 4775 784 4850 Anno
818 4773 880 4852 57.
941 4777 1037 4849 liene
1065 4779 1142 4850 vale
1168 4791 1203 4850 et
1253 4783 1393 4860 laxatio.
1449 4781 1522 4857 Sed
1545 4780 1641 4856 bunc
1662 4773 1844 4859 Catulum
1872 4791 2033 4866 existimo
2055 4811 2091 4870 et
2110 4815 2241 4874 natura

210 4888 375 4960 rescribe.
879 4933 881 4940 -
1252 4885 1451 4956 modestum
1467 4900 1608 4972 esse,et
1623 4888 1786 4961 doctrina
1803 4893 1847 4962 ad
1864 4893 2082 4968 intellectum
2094 4913 2240 4974 etamo-

898 4978 1100 5077 Philippus.
1251 5010 1326 5056 rem
1360 4987 1502 5058 virtutis
1525 4990 1776 5076 assuefactum,
1809 5008 1843 5065 et
1864 5020 1946 5068 vera
1967 5001 2149 5090 agnitione
2171 5007 2241 5076 filii

1253 5087 1318 5159 Dei
1352 5103 1387 5160 et
1415 5115 1435 5160 a
1458 5087 1597 5180 Spiritu
1619 5107 1740 5164 sancto
1775 5097 1820 5166 ad
1854 5097 2019 5190 pietatem
2040 5125 2242 5180 accensum.

1251 5188 1371 5280 Quare
1386 5213 1465 5261 eum
1485 5191 1552 5263 tibi
1570 5198 1790 5266 commendo.

1356 3605 1454 3677 Haec
1477 3620 1559 3677 sunt
1575 3606 1803 3696 ἐπιστολικά,
1829 3616 2030 3690 mendicare
2057 3619 2246 3698 scholasti·
2262 3665 2280 3687 x

1254 3732 1376 3780 corum
1393 3706 1514 3796 causa,
1542 3725 1576 3782 et
1591 3706 1687 3782 hunc
1708 3727 1870 3787 nostrum
1892 3739 2031 3810 gregem
2053 3725 2120 3796 tibi
2143 3753 2245 3800 com-

1254 3813 1432 3886 mendace.

310 5159 416 5231 Pater
437 5179 535 5228 meus
556 5155 626 5225 luit
648 5155 714 5225 tibi
739 5147 940 5248 ὁμώνυμος
958 5149 1118 5250 Georgii
1133 5177 1199 5224 no-

209 5267 318 5350 mine,
337 5275 372 5332 et
386 5255 502 5332 babeo
517 5261 660 5328 fratrem
677 5251 892 5352 Georgium,
910 5273 943 5330 te
958 5281 1101 5353 quoque
1115 5257 1198 5328 volo

208 5373 303 5443 inter
319 5388 416 5434 meos
434 5355 615 5456 Georgios
633 5382 733 5432 esse.

1252 5363 1459 5380 annu*

1284 5446 1310 5516 l)
1332 5445 1393 5503 Vid.
1406 5467 1450 5524 ep.
1465 5450 1497 5506 ad
1511 5450 1657 5509 lietoldum
1671 5455 1698 5510 d.
1710 5457 1734 5510 l.
1745 5451 1798 5510 tut.
