4690 6206
200 365 298 442 tuot

787 361 1222 490 arrsrouanuu
1270 365 1504 469 urn.·r1u
1557 367 1690 450 assa.

2163 379 2266 456 1008

305 537 415 612 Dere
435 537 606 626 maxima,
629 537 674 610 de
694 535 914 614 successione
930 546 969 614 in
992 567 1102 638 regno
1130 543 1202 614 flo—
1252 543 1410 616 inclusae
1440 543 1649 637 cupiditates
1683 559 1829 642 propter
1855 550 2065 623 mandatum
2092 547 2192 638 Dei,
2228 567 2261 626 et

209 643 433 728 rentissimo,
464 643 535 712 duo
564 643 691 713 fratres
719 643 784 714 filii
807 643 909 718 Darii
933 649 1203 733 dissentiebant,
1253 662 1399 742 propter
1414 643 1511 718 bunc
1524 650 1687 722 ordinem
1704 651 1879 721 divinitus
1893 657 2083 726 sancitum.

211 745 468 828 Artabazanes,
501 759 536 815 et
554 743 700 820 Xerxes.
752 747 825 819 Nec
846 761 966 820 tamen
988 745 1112 820 mutua
1137 751 1202 819 be-

1355 747 1452 819 Haec
1468 752 1620 820 docendi
1636 767 1719 823 ssrnt
1735 749 1918 840 homines,
1942 769 1983 826 ut
2001 755 2107 836 odia,
2136 769 2177 826 et
2196 781 2261 826 cu·

213 847 415 944 nevolentia
442 848 593 916 extincta
617 861 690 925 εει,
731 852 792 918 sed
819 851 967 922 arbitrio
995 853 1104 944 patris
1131 873 1204 921 sese
1255 849 1437 943 piditatem
1456 851 1587 923 iniuste
1605 855 1757 923 nocendi
1775 856 1988 946 reprimant,
2005 870 2040 928 et
2056 875 2261 947 agnoscant

213 963 416 1020 reverenter
446 962 595 1042 uterquc
627 946 795 1037 subiecit,
837 954 973 1024 frenata
1000 954 1206 1046 cupiditate,

213 1053 367 1124 neultra
385 1052 477 1140 leges
496 1051 693 1122 efferretur.

317 1169 484 1266 Vidimus
510 1169 577 1260 ipsi
602 1169 692 1237 duos
716 1168 843 1238 fratres
868 1167 985 1241 Duces
1006 1169 1206 1258 Bavaricos,

214 1271 437 1346 Guilelmum
457 1285 491 1340 et
506 1270 748 1354 Ludovicum,
765 1295 844 1340 curn
861 1287 1004 1365 propter
1017 1287 1207 1346 testamen-

213 1393 290 1448 tum
309 1374 419 1466 patris
434 1376 479 1443 de
504 1373 721 1454 successione
745 1371 994 1462 dissentirent,
1019 1379 1096 1448 sine
1114 1377 1207 1448 odiis

211 1489 394 1571 expectare
412 1473 887 1566 imperatorisMaximiliani
903 1480 1126 1564 sententiam,
1142 1503 1207 1548 uec

215 1579 458 1650 suavissimam
475 1577 770 1660 familiaritatem,
796 1599 862 1645 nec
881 1579 1078 1651 officiorum
1094 1593 1130 1651 et
1142 1582 1208 1649 do-

215 1706 346 1765 norum
364 1678 648 1748 vicissitudinem
664 1677 908 1748 intermittere.

319 1797 362 1870 ln
382 1797 456 1868 acie
478 1799 550 1866 duo
564 1793 748 1888 Principes
774 1797 996 1884 amicissimi,
1019 1796 1153 1872 Hector
1174 1817 1208 1874 et

217 1903 430 1998 Polydamas
456 1895 594 1967 diversa
618 1897 765 1966 consilia
787 1892 932 1974 babent.
983 1897 1037 1971 Ac
1052 1905 1207 1995 primum

218 2004 407 2078 consilium
421 1999 686 2096 Polydamantis
701 1995 834 2068 Hector
848 2002 996 2072 antefert
1010 2025 1086 2076 suo.
1136 2005 1209 2078 De-

218 2111 304 2178 inde
321 2105 390 2174 alia
403 2105 442 2173 iu
458 2125 497 2172 re
513 2099 675 2170 suadenti
701 2100 871 2194 quiddam
895 2103 1100 2194 indignum,
1134 2133 1208 2178 non

218 2213 456 2298 obtemperat,
482 2227 562 2274 cum
581 2201 724 2296 quidem
743 2201 830 2272 dicit
844 2201 1072 2300 Polydamas:

269 2331 420 2414 Quamvis
437 2352 524 2412 segre
537 2329 623 2390 audis
636 2327 749 2390 Hector
763 2351 811 2390 me
831 2345 909 2392 recte
922 2347 1096 2395 monentem

267 2435 340 2501 Non
357 2437 465 2517 populi
481 2445 582 2494 tamen
598 2445 642 2493 εει
662 2453 730 2492 cum
745 2431 854 2494 dunno
868 2439 964 2514 gloria
977 2431 1099 2519 Regum

268 2537 508 2620 Amplificauda,
535 2539 613 2597 selus
628 2537 729 2616 potior
743 2539 782 2596 sit
798 2537 920 2618 publica
938 2541 997 2599 civi

270 2639 332 2704 Seu
349 2655 421 2702 tunc
436 2642 595 2700 consilium
612 2659 681 2698 cum
698 2641 795 2718 poscit
811 2642 1056 2716 surianorum,

269 2741 333 2808 Seu
350 2765 420 2805 cum
438 2755 515 2804 stant
530 2745 689 2802 instructae
706 2745 799 2820 acies,
825 2764 1004 2826 pugnaeque
1020 2743 1147 2818 cientur,

271 2845 361 2911 Nunc
379 2867 501 2930 quoque
518 2844 643 2905 dicenda
659 2855 703 2904 est
718 2847 826 2907 melior
840 2851 985 2908 sententis
999 2847 1098 2908 nobis.

321 2959 587 3032 Dissentiebant
615 2957 709 3026 inter
740 2982 775 3028 se
806 2984 879 3028 non
904 2962 949 3031 de
969 2960 1058 3030 asini
1082 2957 1209 3028 umbra

216 3065 350 3138 Fabius
366 3077 400 3134 et
414 3060 553 3152 Scipio,
575 3061 619 3128 de
636 3059 845 3130 traiicieudo
871 3061 1027 3132 exercitu
1049 3061 1086 3127 in
1110 3053 1210 3131 Afri-

218 3191 315 3252 cam,
342 3179 376 3235 et
394 3187 499 3234 senex
514 3159 648 3231 Fabius
664 3161 794 3251 prioris
811 3163 897 3231 belli
916 3161 1082 3252 exemplis
1098 3173 1210 3230 terre-

215 3271 347 3348 batur,
374 3265 529 3356 denique
542 3263 671 3332 rectius
691 3277 766 3332 erat
788 3263 863 3330 eius
887 3263 1086 3333 consilium.
1137 3255 1210 3330 Nec

218 3385 340 3442 tamen
357 3367 561 3458 Scipionem
582 3363 717 3435 oderat.
767 3361 950 3434 Miltiades
963 3361 1209 3456 praeliandum

218 3495 292 3542 esse
314 3471 497 3551 censebat,
529 3465 656 3536 caeteri
682 3461 799 3534 Duces
824 3465 997 3558 praelium
1027 3463 1209 3535 dissuade-

217 3575 318 3659 bant,
334 3596 410 3641 sion
427 3570 523 3654 odio,
539 3567 600 3637 sed
617 3566 686 3642 alia
702 3568 791 3637 moti
809 3567 987 3660 probabili
1003 3566 1183 3660 opinione.

322 3689 471 3780 Quoties
493 3686 655 3756 videmus
677 3685 910 3758 amicissimos
930 3688 969 3756 in
984 3685 1119 3758 Senatu
1142 3683 1208 3754 ali-

219 3817 291 3890 quo
309 3787 672 3863 diversassententias
687 3789 857 3860 acerrime
879 3810 1120 3882 propugnare,
1145 3785 1207 3878 qui

220 3920 302 3968 cum
326 3895 422 3964 idem
444 3903 618 3982 spectent,
651 3889 818 3960 videlicet
839 3891 986 3972 salutern
1016 3889 1208 3981 publicam,

217 3999 294 4066 uias
316 4009 435 4076 tamen
461 3993 617 4060 diversas
633 3992 677 4060 ad
692 4015 768 4060 eam
785 4015 858 4061 esse
876 4005 1010 4084 putant.
1060 3987 1208 4062 Dissen-

217 4099 354 4170 tiebant
367 4097 442 4165 sine
460 4095 542 4164 odio
559 4089 693 4162 Paulus
709 4107 743 4163 ει
756 4091 894 4168 Petrus.

319 4211 410 4284 Cum
427 4211 536 4300 igitur
554 4209 749 4290 sineodio,
776 4223 809 4280 ει
832 4211 908 4279 sine
932 4193 1125 4306 cupiditate
1148 4207 1206 4276 in-

218 4315 310 4390 iuste
326 4313 500 4396 nocendi,
525 4311 635 4402 possit
658 4333 730 4379 esse
749 4311 961 4402 opinionum
984 4311 1207 4381 dissimilitu-

218 4421 285 4500 do,¹
302 4431 336 4487 ει
351 4439 452 4507 saepe
467 4435 589 4503 graves
607 4411 798 4482 dubitandi
815 4438 955 4484 caussae
970 4413 1059 4500 sint,
1078 4427 1111 4484 et
1128 4437 1206 4506 spe-

218 4523 312 4593 ciosa
341 4527 547 4606 argumenta
577 4513 615 4580 in
637 4527 788 4608 utraque
812 4530 930 4606 parte,
966 4515 1048 4584 licet
1071 4515 1207 4587 deferre

219 4619 477 4694 controversias
492 4615 537 4684 ad
552 4613 727 4708 sapientes
745 4619 1013 4707 gubernatores,
1030 4641 1110 4686 cum
1127 4619 1208 4711 qui-

217 4725 301 4795 'dem
323 4717 421 4790 bunc
438 4717 603 4790 ordinem
622 4730 660 4796 Ιει
684 4717 879 4791 instituerit
892 4715 1007 4805 Deus,
1034 4733 1067 4790 et
1090 4719 1207 4792 audiri

217 4827 324 4898 uobis
339 4821 586 4893 dubitantibus
603 4819 699 4894 vetit

293 4919 297 4930 ’
320 4921 535 4998 Reverentia
561 4937 612 4994 est
635 4919 732 5007 Deo,
753 4923 911 5013 legibus,
937 4935 971 4991 et
990 4919 1207 5012 Magistrati-

1256 953 1418 1022 ordinem
1446 953 1630 1039 divinum,
1670 969 1705 1025 et
1730 969 1876 1048 propter
1901 954 2018 1028 Deum
2044 976 2261 1030 reverenter

1256 1055 1403 1124 audiant
1423 1055 1516 1144 leges
1538 1069 1573 1125 et
1595 1052 1835 1146 Magistratus.
1893 1057 1991 1130 Haec
2011 1061 2189 1132 doctrina
2214 1065 2257 1132 ad

1257 1157 1442 1247 pietatem,
1467 1159 1511 1226 ad
1528 1163 1702 1247 regendos
1717 1182 1850 1244 mores,
1875 1163 1967 1232 etad
1983 1185 2107 1253 pacem
2134 1164 2261 1254 publi-

1258 1281 1334 1327 cam
1355 1259 1533 1334 conducit.
1585 1259 1658 1329 Nec
1678 1273 1762 1330 sunt
1784 1255 1871 1332 baec
1894 1263 2032 1346 Stoica,
2062 1265 2259 1355 seiungere

1257 1360 1339 1429 odia
1356 1374 1391 1431 et
1410 1361 1687 1451 disputationem
1709 1363 1905 1450 forensem,
1930 1366 2020 1436 sieut
2044 1366 2084 1434 in
2104 1383 2255 1438 senato-

1257 1463 1310 1530 ria
1337 1461 1593 1536 deliberatione
1615 1463 1752 1554 seiungi
1778 1467 1920 1546 odium,
1954 1480 1989 1538 et
2009 1467 2099 1536 alias
2126 1493 2254 1560 pravas

1259 1564 1468 1654 cupiditates
1486 1587 1624 1634 necesse
1638 1576 1698 1637 est.
1740 1565 1812 1636 Lex
1828 1567 1924 1637 euim
1942 1569 1988 1638 sit
2002 1570 2251 1658 gubernatrix,

1259 1689 1333 1733 non
1348 1687 1447 1735 caeca
1465 1667 1651 1757 cupiditas.

1358 1763 1471 1838 Docet
1485 1767 1595 1856 igitur
1609 1789 1673 1837 uos
1687 1767 1782 1838 filius
1797 1766 1863 1840 Dei
1879 1769 1922 1840 de
1944 1771 2052 1842 rebus
2077 1775 2245 1859 maximis,

1259 1893 1338 1937 cum
1357 1869 1456 1938 iubet
1468 1871 1690 1938 accedentem
1706 1871 1750 1938 ad
1769 1895 1882 1956 aram,
1908 1873 2007 1963 prius
2026 1877 2242 1944 reconciliari

1258 1971 1369 2040 fratri.
1422 1967 1550 2042 Cultus
1567 1993 1640 2040 esse
1655 1974 1827 2056 ostendit,
1853 1997 1927 2042 non
1944 1975 2034 2044 ritus
2060 1978 2235 2046 sacrificio-

1259 2095 1338 2141 rum
1362 2072 1401 2140 in
1424 2073 1560 2164 impiis,
1593 2075 1652 2142 sed
1679 2073 1757 2143 vult
1786 2076 1988 2166 praelucere
2010 2075 2148 2158 fidem,
2170 2081 2230 2148 cult

1260 2175 1366 2243 corda
1382 2169 1511 2242 babere
1531 2197 1643 2242 novae
1667 2176 1888 2246 obedientiae
1912 2178 2069 2264 semina,
2097 2182 2186 2250 sicut
2205 2181 2236 2247 in

1260 2273 1377 2345 Hosea
1399 2275 1532 2367 inquit:
1563 2269 1867 2344 Misericordiam
1894 2275 1995 2360 volo,
2031 2303 2112 2348 non
2137 2280 2239 2350 sacri-

1248 2371 1401 2470 ficium,
1445 2384 1476 2444 et
1507 2375 1735 2470 agnitionem
1764 2371 1862 2464 Dei,
1905 2393 1980 2448 non
2014 2374 2238 2454 holocausto.

1261 2477 1384 2573 Itaque
1400 2491 1481 2548 ante
1495 2481 1586 2549 ritus
1601 2479 1852 2550 sacrificiorum
1869 2483 2116 2552 reconcilieris
2139 2486 2240 2568 fratri,

1262 2582 1422 2673 deposito
1439 2581 1542 2660 odio,
1569 2581 1704 2651 abiecta
1721 2582 1826 2652 etiam
1844 2587 2108 2671 controversia,
2136 2587 2240 2655 sistis

1261 2697 1295 2754 te
1309 2684 1439 2754 iniusta
1455 2695 1583 2773 petere.
1617 2681 1705 2753 =Sed
1730 2684 1760 2752 si
1781 2707 1836 2753 res
1859 2686 1967 2754 dubia
1991 2701 2061 2767 εει,
2088 2702 2243 2758 amanter

1261 2785 1488 2878 paciscamini
1502 2805 1565 2853 vos
1581 2784 1699 2872 legum
1718 2797 1751 2854 et
1768 2785 1925 2856 iudicum
1942 2811 2064 2857 vocem
2087 2803 2241 2882 expecta-

1260 2901 1360 2958 turos
1377 2899 1410 2956 et
1424 2887 1609 2959 audituros
1624 2907 1708 2958 esse.
1751 2885 1862 2978 Saepe
1877 2889 1973 2956 enim
1989 2893 2238 2960 controversiae

1261 3011 1335 3058 non
1359 2989 1402 3056 ad
1431 3003 1464 3058 te
1488 2989 1652 3067 unicum,
1677 2989 1737 3057 sed
1763 2991 1807 3056 ad
1831 3001 1940 3060 totam
1962 2992 2139 3074 familiam,
2170 3005 2228 3060 ant

1261 3093 1305 3159 ad
1332 3113 1452 3182 pacem
1469 3089 1646 3179 publicam
1663 3089 1859 3180 pertinent,
1884 3105 1923 3162 ut
1938 3093 2000 3161 illa
2013 3091 2142 3162 Ducum
2158 3087 2223 3158 Ba-

1262 3191 1397 3274 variae,
1422 3191 1466 3262 de
1483 3213 1552 3282 qua
1567 3190 1651 3258 dixi.

1355 3287 1488 3364 Eadem
1507 3305 1558 3361 est
1574 3293 1747 3362 sententia
1771 3293 1873 3364 dicti:
1900 3289 1997 3362 Esto
2021 3291 2234 3364 consentiens

1261 3387 1477 3464 adversario
1500 3401 1573 3471 tuo,
1588 3392 1677 3476 cito,
1707 3394 1872 3466 videlicet
1894 3397 2054 3486 deposito
2077 3398 2177 3477 odio,
2207 3411 2237 3467 et

1260 3497 1394 3567 abiecta
1410 3497 1667 3580 controversia,
1690 3497 1720 3564 si
1733 3497 1801 3566 scis
1815 3510 1849 3566 te
1870 3497 2000 3568 iniusta
2021 3513 2156 3589 petere:
2179 3499 2239 3582 vel,

1260 3600 1289 3668 si
1312 3623 1367 3668 res
1391 3599 1498 3667 dubia
1522 3609 1591 3681 est,
1618 3612 1778 3668 amanter
1801 3601 2028 3689 paciscamini
2056 3602 2240 3691 voslegum

1260 3715 1294 3771 et
1314 3699 1472 3776 iudicum
1497 3721 1618 3769 vocem
1641 3713 1881 3790 expectaturus
1904 3714 1939 3770 et
1960 3703 2152 3773 audituros
2168 3727 2241 3775 esse.

1259 3797 1307 3874 Et
1327 3802 1471 3894 quidem
1495 3799 1631 3870 Graece
1651 3801 1799 3891 legitur,
1826 3799 1909 3872 ἴσθι
1926 3799 2088 3894 εὐνοῶν,
2120 3803 2176 3876 sis
2192 3802 2239 3874 he·

1259 3899 1418 3974 narolus.
2015 3989 2019 3994 ¹

1361 4003 1436 4076 Iam
1452 4005 1582 4094 cogita,
1609 4025 1715 4096 quam
1731 4005 1966 4074 necessarium
1987 4005 2034 4076 sit
2057 4001 2131 4078 boc
2153 4031 2243 4102 prae-

1260 4121 1399 4200 ceptum
1414 4107 1453 4174 in
1469 4104 1639 4186 Ecclesia,
1661 4107 1698 4172 in
1715 4107 1787 4175 vita
1804 4107 1959 4196 politica,
1986 4107 2025 4176 in
2040 4111 2245 4181 oeconomi·

1259 4234 1309 4279 ca.
1364 4207 1480 4297 Quam
1498 4207 1609 4275 multa
1632 4201 1818 4275 horribilia
1843 4209 2007 4277 incendia
2032 4212 2194 4283 vidimus
2214 4213 2246 4279 iu

1259 4307 1435 4391 Ecclesia,
1462 4320 1538 4376 orla
1551 4307 1626 4375 sine
1643 4307 1726 4378 ullis
1741 4308 1833 4378 veris
1856 4311 2003 4395 caussis,
2029 4309 2176 4383 tanturn
2196 4337 2246 4382 ac-

1259 4437 1360 4484 censa
1379 4402 1601 4505 φιλονεικείᾳ
1620 4424 1654 4479 ει
1679 4410 1792 4495 odiis,
1819 4411 1949 4480 deinde
1970 4425 2085 4483 astute
2111 4413 2249 4510 quaesi-

1259 4529 1313 4586 tae
1340 4526 1424 4582 snnt
1450 4505 1691 4610 catoypopiuc
1715 4507 1883 4598 δικαίου,
1923 4513 2014 4584 sicut
2044 4512 2154 4587 Plato
2187 4541 2248 4588 no-

1260 4617 1382 4684 minat.

1360 4715 1529 4788 Discessit
1550 4739 1591 4785 ex
1614 4715 1745 4785 nostris
1759 4710 1927 4784 Ecclesiis
1943 4709 2145 4811 Stapbylus
2169 4721 2248 4790 odio

1260 4822 1485 4912 quorundam
1513 4817 1663 4901 iniusto,
1701 4817 1803 4887 finxit
1839 4839 1986 4888 caussas
2009 4833 2137 4892 contra
2166 4845 2251 4892 con-

1260 4924 1461 5004 scientiam,
1487 4943 1524 4988 se
1540 4920 1668 4990 veteris
1693 4931 1727 4988 et
1750 4933 1940 5009 perpetuae
1962 4917 2147 4994 Ecclesiae
2171 4925 2250 4994 vin-

217 5031 287 5101 bus
301 5029 440 5110 debita,
464 5020 594 5094 horum
609 5047 731 5094 vocem
750 5025 925 5094 anteferre
947 5023 1105 5115 privatae
1129 5027 1207 5117 opi·
1260 5025 1372 5094 dicem
1393 5047 1465 5092 esse
1482 5021 1591 5102 velle,
1617 5043 1697 5089 cum
1718 5019 1804 5089 sciat
1823 5021 1934 5090 multa
1951 5043 2042 5091 nova
2066 5025 2166 5094 idola
2190 5020 2252 5098 arei

218 5132 323 5202 nioni
347 5144 382 5200 et
402 5125 599 5219 cupiditati.
649 5125 701 5198 Ut
722 5151 804 5196 eum
825 5125 995 5215 singulari
1021 5149 1136 5216 pugna
1153 5129 1208 5218 di·
1260 5121 1504 5223 (ideiciypuw
1531 5146 1549 5194 a
1580 5119 1772 5214 pontificiis
1795 5121 1938 5191 defendi
1963 5127 2253 5217 prorsusignota

220 5235 354 5304 micant
369 5233 462 5302 inter
476 5253 550 5300 sese
569 5225 659 5299 Aiax
675 5239 710 5295 et
722 5225 867 5310 Hector,
897 5227 1044 5319 quiescit
1061 5242 1208 5320 uterque
1262 5229 1369 5298 veteri
1387 5225 1574 5297 Ecclesiae.
1626 5221 1857 5292 Manifestum
1876 5237 1944 5308 est,
1970 5225 2060 5294 alios
2077 5230 2252 5320 quosdam

221 5335 393 5406 exercitus
408 5345 581 5426 spectator
595 5329 737 5398 virtutis
760 5329 911 5398 duorum
933 5329 1207 5400 fortissimorum
1261 5332 1344 5400 odio
1364 5327 1497 5412 nostri,
1523 5349 1598 5394 non
1614 5325 1707 5394 veris
1725 5326 1856 5394 caussis
1871 5328 2043 5396 absurdas
2057 5330 2251 5398 sententias
2323 5353 2324 5362 ¹

221 5435 380 5510 Ducum:
408 5433 461 5504 lta
485 5436 571 5502 dum
593 5431 688 5498 inter
708 5453 780 5498 sese
802 5445 1007 5520 argumenta
1023 5431 1209 5524 utriusque
1261 5433 1461 5513 defendere.
1481 5461 1488 5474 ·
1513 5427 1698 5497 Praeterea
1711 5439 1751 5494 ut
1766 5426 1804 5494 iu
1818 5427 1935 5508 febre,
1960 5451 2042 5498 cum
2065 5429 2105 5500 in
2129 5431 2252 5521 lingua
2323 5427 2324 5435 '

216 5540 327 5634 partis
351 5537 527 5630 sapienter
548 5531 728 5624 proposita
758 5531 947 5620 dimicant,
987 5534 1209 5606 retineantur
1262 5535 1410 5604 biliosus
1428 5529 1558 5602 humor
1573 5527 1768 5611 redundat,
1794 5542 1828 5600 et
1841 5531 1999 5623 reliquos
2013 5525 2187 5603 humores
2200 5531 2253 5601 di-
