4738 6186
245 284 323 366 aas
816 269 1255 364 urraronaaun
1305 282 1543 364 canam.
1597 247 1734 364 essa.
2194 313 2247 391 09⁶

350 456 399 532 At
415 481 479 549 ego
492 457 541 528 ita
555 467 690 542 statuo,
723 475 870 544 magnos
886 448 1057 530 Oratores
1074 461 1136 554 qni
1155 458 1249 534 Res-
1307 481 1368 543 re,
1392 481 1499 552 quaro
1524 459 1741 554 suscipiunt,
1773 465 1834 537 vix
1857 487 2014 564 unquam
2037 477 2254 573 quicquamdi.

252 565 353 662 publ.
392 566 702 652 gubernaverunt,
739 579 829 649 quos
863 560 1061 649 accepimus
1089 587 1250 654 praeme-
1304 575 1404 645 cant,
1431 563 1527 654 quod
1542 561 1649 634 iaciat
1660 561 1754 660 πρὸς
1769 564 1870 652 ἔπος,
1899 586 2014 646 menen
2025 579 2199 676 plerunque
2212 613 2253 660 ea.

253 671 383 740 tientes
396 663 537 734 dicendi
551 659 727 752 pericula,
761 659 964 729 incredibili
982 665 1137 755 quodam
1152 680 1250 738 metu
1305 675 1358 734 tra
1384 686 1524 732 cansam
1549 679 1634 736 suut
1658 667 1919 762 loquacissimi,
1954 677 2156 770 ineptiarum
2176 689 2254 778 pleni.
2311 661 2312 668 .

254 775 300 842 ad
314 769 505 840 dicendum
523 761 722 847 accessisse,
743 784 817 830 nnn
837 763 881 830 de
899 765 1042 834 caeteris
1059 791 1252 838 ornamen-
1305 762 1355 836 At
1377 755 1505 836 Cicero
1526 768 1696 858 expressit
1728 773 1834 844 nobis
1858 760 2008 848 formam
2033 783 2124 854 illius
2153 795 2257 881 proprii

256 874 324 956 tis,
357 871 417 938 sed
433 870 477 936 de
494 862 559 936 hac
576 863 721 956 propria
737 887 857 934 rerum
874 856 1108 956 explicatione
1132 871 1254 942 solici-
1306 861 1472 938 Orator-is
1493 889 1533 936 ac
1554 865 1683 966 λιγέως
1707 873 1858 946 dicentis
1874 878 1913 946 in
1931 879 2062 952 libellis
2076 881 2132 956 De
2150 899 2256 964 aarum

257 972 451 1054 tosfuissc,
483 991 590 1062 quam
611 967 883 1058 experiebantur
899 990 971 1036 esse
993 970 1255 1048 difficillimam.
1305 964 1472 1038 Deorum
1508 981 1543 1038 et
1577 971 1657 1040 aliis
1691 969 1955 1071 philosophicis
1988 986 2259 1076 disputationibus.

258 1071 433 1149 Periclem
455 1071 577 1153 aiunt,
611 1068 712 1138 cuins
735 1082 831 1139 tanta
860 1070 928 1140 fuit
946 1067 1180 1166 Eloquentia,
1214 1089 1256 1146 ut
1306 1068 1488 1162 Expressit
1501 1083 1538 1141 et
1551 1095 1628 1142 earn
1643 1075 1765 1148 multis
1780 1079 1819 1150 in
1842 1081 1931 1154 locis
1950 1081 2162 1166 Aristoteles.
2207 1092 2259 1166 Vc.
2311 1141 2312 1148 ,

259 1195 384 1252 tonare
409 1198 448 1246 ac
470 1169 663 1243 fulminare
685 1170 800 1242 dictus
822 1171 884 1256 sit,
917 1195 997 1242 cum
1025 1179 1184 1246 ascendit
1217 1178 1256 1246 in
1309 1195 1389 1242 rum
1415 1197 1491 1244 non
1519 1180 1592 1260 esl,
1623 1176 1662 1245 in
1690 1179 1763 1265 uis,
1794 1174 2024 1279 Philosophi
2041 1193 2165 1262 servire
2185 1193 2259 1268 mlu-
2311 1237 2312 1274 a

261 1281 489 1362 concinnem,
524 1271 662 1367 precari
691 1275 856 1359 solitum,
889 1280 1055 1368 nequod
1086 1279 1257 1350 sibiver-
1306 1271 1417 1371 ptati.
1469 1275 1633 1358 Utinam,
1703 1278 1771 1362 icc,
1797 1287 1885 1358 adeo
1898 1267 2156 1366 contemnerent
2170 1295 2258 1370 'lber-

261 1387 348 1458 bum
366 1379 559 1463 excideret,
584 1377 681 1470 quod
697 1397 821 1448 causae
835 1379 983 1450 obesset.
1020 1377 1134 1472 Saepe
1151 1381 1257 1452 etiarn
1308 1377 1381 1466 logi
1403 1378 1455 1448 tui
1482 1377 1680 1468 uoluptates
1704 1397 1873 1473 caeteras,
1904 1404 1944 1462 ut
1965 1397 2131 1466 orationis
2149 1403 2259 1470 mundi·

207 1493 210 1498 '
261 1481 390 1564 Cicero
404 1479 595 1570 significat,
628 1501 665 1548 se
680 1473 760 1548 cum
777 1477 905 1550 timore
919 1502 1058 1552 summo
1072 1483 1117 1554 ad
1135 1485 1256 1553 dicen·
1309 1480 1395 1548 tiem
1422 1493 1668 1568 aspernentur.
1729 1483 1944 1584 Quanquam
1967 1509 2081 1569 autem
2105 1501 2192 1570 nulla
2215 1529 2258 1573 rn-

265 1593 352 1664 dum
367 1586 548 1663 accedere,
575 1581 677 1652 cuius
692 1581 743 1650 rei
762 1580 818 1648 vel
837 1576 904 1651 hoc
921 1597 1168 1671 argumentum
1185 1609 1259 1656 esse
1308 1581 1426 1672 luptas
1461 1576 1607 1652 homine
1643 1585 1842 1660 liberaliter
1876 1594 2039 1670 instituto
2076 1602 2201 1690 dignior
2223 1619 2256 1676 at

263 1703 399 1788 potest,
431 1687 527 1780 quod
557 1685 753 1778 aliqnando
782 1682 830 1754 ita
855 1687 1005 1756 laetatus
1028 1699 1098 1772 est,
1133 1689 1260 1758 iudicii
1310 1707 1415 1776 quarn
1432 1679 1535 1752 baec:
1566 1682 1673 1756 Nulla
1691 1704 1743 1760 eet
1758 1693 1853 1761 enim
1870 1691 2056 1774 hannonia
2071 1703 2208 1789 dulcior,
2228 1729 2255 1776 ac

265 1796 322 1866 die
337 1803 546 1885 prorogato,
572 1811 643 1882 qno
660 1787 691 1878 ei
715 1789 759 1855 de
772 1808 873 1856 causa
891 1785 1052 1858 intricata
1067 1791 1259 1860 dicendum
1309 1799 1457 1856 naturae
1478 1780 1635 1854 bominis
1660 1795 1950 1886 convenientior,
1983 1827 2089 1896 ⁴1⁰²ss
2109 1808 2204 1878 orario
2219 1831 2253 1876 [ρ.

264 1911 359 1981 erat,
387 1905 433 1988 ut⁸
453 1913 594 1959 servum
617 1889 653 1958 id
675 1887 942 1959 renunciantem
965 1889 1131 1963 libertate
1146 1895 1260 1962 dona·
1311 1913 1390 1958 rum
1419 1889 1595 1956 bonarum
1621 1889 1726 1982 plena
1759 1906 2079 1993 et.compositinne
2107 1909 2253 1994 coritiana
2311 1909 2312 1920 ’

263 1999 368 2072 verit.
430 1992 515 2062 Vidi
544 1992 619 2084 ipse
649 1986 813 2060 homines
838 1993 1143 2087 eloquentissimos
1165 2005 1260 2066 'natu
1310 2002 1429 2058 lamen
1453 1985 1513 2059 hic
1536 2012 1612 2059 11011
1634 1993 1779 2086 disputo
1807 2017 1975 2076 ornatum
2001 2011 2191 2102 voluptatis,
2214 2015 2252 2079 sed

266 2101 436 2194 grandes,
470 2119 549 2164 cum
578 2095 695 2164 dicere
728 2091 813 2162 iussi
840 2107 975 2178 essent,
1013 2108 1088 2166 toto
1110 2121 1259 2189 corpore
1312 2093 1529 2164 necessitatis
1555 2115 1659 2164 rausa
1684 2092 1930 2176 adhibendum
1956 2133 2040 2185 esse.
2094 2109 2166 2184 Non
2189 2113 2249 2182 enin

265 2198 546 2296 perhorrescere.
595 2195 646 2266 Ar
662 2198 787 2289 quade
802 2219 841 2264 re
857 2196 939 2285 angi
956 2209 1120 2286 putemus
1141 2195 1260 2271 homi·
1311 2193 1432 2263 doceri
1445 2195 1489 2264 de
1514 2195 1651 2282 magnis
1675 2201 1782 2274 rebus
1803 2197 1969 2278 homines
1985 2227 2143 2304 possunt,
2170 2215 2249 2282 nisist

266 2329 331 2378 nes
354 2300 603 2396 peritissimos,
634 2323 722 2368 num
746 2301 790 2367 de
812 2297 967 2370 flosculis
983 2301 1175 2388 orationis,
1200 2315 1261 2374 ant
1311 2318 1422 2385 genus
1439 2296 1612 2366 sermonis
1629 2323 1776 2390 purum,
1810 2319 1845 2376 et
1860 2311 1918 2382 via
1933 2315 2121 2406 quaedam,
2150 2315 2247 2386 errario

267 2406 436 2480 accersito
462 2401 577 2484 cultu,
608 2414 646 2472 ut
670 2413 709 2472 tu
732 2398 894 2470 iudicas?
927 2401 1000 2472 imo
1016 2427 1100 2474 vero
1116 2406 1161 2474 de
1175 2429 1262 2497 pro-
1311 2397 1529 2489 explicandi‚
1564 2412 1598 2468 et
1618 2415 1751 2474 caetera
1776 2411 1921 2502 quaein
1949 2419 2084 2488 artibus
2099 2422 2246 2498 traduntur,

266 2510 479 2604 priarerum
490 2501 724 2594 explicatione
739 2501 867 2574 soliciti
881 2515 982 2590 sunt,
1007 2528 1053 2574 ne
1066 2506 1152 2600 qnid
1169 2506 1261 2578 exci-
1311 2493 1559 2574 adhibeantur.
1613 2499 1721 2591 Quod
1736 2533 1819 2578 vero
1835 2515 1958 2599 addis,
1983 2512 2244 2590 Bacchanalirir
2311 2579 2312 2586 ἶ

267 2614 329 2684 dat
343 2609 437 2704 quod
463 2603 534 2676 dici
558 2629 632 2675 non
654 2607 777 2691 refert,
810 2606 955 2702 nequid
973 2605 1091 2676 alieno
1108 2608 1186 2679 loco
1205 2609 1261 2679 di·
1316 2596 1360 2670 V
1354 2609 1451 2672 celae
1478 2601 1598 2673 sacris
1625 2613 1742 2699 ogere
1770 2605 2028 2714 Philosopkos
2059 2618 2242 2722 Eloquentiae

267 2727 386 2797 catur,
414 2732 461 2779 ne
486 2709 672 2778 incurrant
697 2707 736 2778 in
767 2707 874 2778 verba
901 2731 992 2801 quae
1014 2710 1176 2782 officiunt
1200 2725 1261 2784 aut
1309 2699 1515 2792 studiosos,
1549 2707 1664 2776 dicam
1688 2709 1897 2804 simpliciter
1924 2725 2029 2816 quud
2056 2727 2171 2810 sentio,
2195 2722 2237 2793 so-

266 2837 392 2888 causae
409 2824 469 2882 aut
483 2810 643 2902 ipsorum
658 2809 920 2882 existimationi.
969 2809 1135 2906 Denique
1152 2814 1261 2884 innn.
1312 2802 1478 2877 maehum
1506 2801 1597 2878 mihi
1625 2811 1747 2884 movit.
1817 2816 1917 2906 Quae
1943 2827 2045 2898 enim
2070 2829 2197 2922 voluptas
2210 2833 2239 2890 et

265 2913 453 3010 merabilia
476 2912 634 3006 pericula
657 2927 751 2985 sunt.
802 2909 882 2982 Hoc
896 2912 1039 2984 minimi
1060 2916 1193 3004 negotii
1209 2929 1261 2988 est
1310 2910 1523 2980 contumelia
1539 2911 1680 2983 afficere
1695 2939 1774 2986 cum
1788 2919 1900 3010 ipsam
1921 2921 2173 3023 Eloquentiam,
2191 2939 2235 2994 uo

264 3017 474 3092 hominibus
487 3014 639 3106 copiosis
653 3027 758 3108 atque
774 3016 990 3100 exercitatis,
1021 3016 1179 3109 insignes
1193 3018 1261 3088 ali·
1313 3034 1394 3081 vero
1412 3008 1666 3104 Philosophiae
1681 3012 1890 3111 Principes?
1937 3027 2040 3100 Num
2054 3025 2158 3108 Pras,
2177 3019 2229 3092 Ars

265 3145 354 3217 quas
368 3123 496 3211 ligures
517 3119 658 3188 addere.
709 3117 925 3209 Praecipuus
943 3129 1161 3192 ornatusest
1183 3121 1260 3213 ipsa
1308 3110 1471 3200 Sloieles,
1496 3107 1641 3202 Cicero,
1673 3118 1841 3196 videntur
1854 3127 1919 3200 tibi
1932 3124 2231 3216 Bacchanalium

263 3249 385 3296 rernm
399 3219 543 3314 propria
563 3217 770 3311 explicatio,
801 3235 840 3292 ut
858 3219 896 3289 in
911 3221 1058 3311 picturis
1076 3221 1167 3292 iusta
1181 3247 1260 3294 cor·
1310 3237 1364 3298 re,
1391 3217 1500 3313 idque
1515 3219 1554 3294 in
1569 3221 1690 3290 sacris
1710 3216 1873 3298 Vestae?
1920 3229 2021 3305 Num
2038 3223 2238 3310 videntnrtihi·
2311 3263 2312 3322 q

237 3349 393 3420 'porum
415 3322 642 3394 lineamenta.
701 3314 750 3392 Et
780 3334 897 3392 tamen
926 3346 1029 3415 saepe
1050 3324 1258 3414 magnitudo
1308 3317 1424 3402 tinet,
1453 3320 1537 3414 quia
1559 3346 1634 3394 non
1655 3338 1740 3397 sunt
1762 3351 1887 3420 spurce
1906 3334 2047 3412 locuti?
2093 3333 2239 3430 thnidsn
2311 3331 2312 3360 ¹

262 3451 384 3501 rernm
398 3424 572 3519 postulat,
596 3421 732 3518 aliquid
749 3423 928 3496 velattolli
945 3425 1001 3494 vel
1015 3425 1133 3508 abiici,
1159 3430 1257 3522 quod
1307 3413 1420 3490 Plato
1435 3423 1540 3513 longe
1555 3449 1679 3498 omnes
1695 3427 1804 3504 vincit
1819 3447 1895 3505 tum
1912 3430 2155 3514 Graecarum
2167 3425 2243 3506 Lati·
2311 3489 2312 3496 ,

262 3533 370 3604 etiam
384 3531 496 3599 facere
510 3539 638 3596 natura
655 3525 747 3616 cogit
760 3539 840 3597 tuos
854 3527 936 3598 illos
949 3523 1136 3600 Barbaros.
1190 3528 1257 3600 Vi·
1307 3545 1375 3592 nos
1416 3520 1607 3614 Oratores,
1632 3527 1753 3619 'copia
1795 3549 1830 3607 et
1868 3538 2062 3630 splendore
2101 3531 2244 3614 Oratione.
2311 3583 2312 3594 .

261 3635 324 3706 des
347 3632 442 3702 enim
466 3630 506 3700 in
523 3628 669 3700 illorum
687 3629 828 3719 scriptis
848 3644 884 3725 ct
901 3653 1083 3717 sennoue,
1114 3633 1257 3702 crebras
1306 3618 1448 3720 Scytha
1465 3629 1609 3721 quidam
1631 3654 1712 3702 curn
1735 3639 1829 3725 apud
1852 3632 2020 3716 Graecos
2041 3645 2247 3718 Musicumitt·

260 3733 573 3828 amplificationes,
605 3733 685 3818 sed,
721 3731 774 3801 dii
805 3731 911 3816 boni,
941 3755 1047 3826 quam
1080 3732 1253 3806 insulsas!
1305 3727 1836 3828 direiiusvissimecanentem,
1870 3742 2010 3838 inquit,
2043 3747 2144 3820 Malle
2161 3765 2189 3813 se
2205 3757 2248 3806 ao·
2311 3743 2312 3822 i

262 3837 409 3929 Quanto
434 3835 574 3905 veriora
606 3847 641 3906 et
661 3833 798 3924 aptiora
824 3835 1000 3920 dicerent,
1036 3834 1067 3905 si
1096 3837 1253 3908 studium
1303 3829 1381 3901 dire
1407 3825 1630 3905 hinnientem
1652 3858 1795 3930 equum.
1851 3841 1946 3916 Satis
1964 3843 2024 3920 bic
2045 3835 2250 3946 quidemsicr·
2311 3847 2312 3856 ’

258 3936 330 4012 hoc
347 3963 420 4010 non
436 3949 550 4006 essent
563 3936 765 4026 aspernati?
814 3933 948 4008 Demus
967 3936 1074 4026 igitur
1087 3933 1253 4009 Philoso-
1303 3924 1415 4012 thice,
1440 3937 1500 4005 sed
1524 3937 1580 4006 bis
1603 3933 1817 4030 Scythicum
1831 3946 1939 4020 fuerit
1953 3947 2051 4024 nibil
2066 3950 2149 4024 affici
2163 3939 2250 4018 suari·

260 4037 345 4138 phis
366 4039 599 4110 verecundam
616 4038 789 4109 orationis
808 4039 981 4121 sormam,
1011 4041 1119 4110 modu
1136 4053 1253 4112 utres
1301 4047 1373 4106 tate
1396 4037 1568 4108 orationis
1589 4063 1810 4114 summorum
1834 4063 2019 4141 autorum,
2053 4054 2111 4150 qni
2127 4045 2250 4122 Philost-

259 4143 435 4228 dilucide,
459 4139 579 4210 verbis
594 4139 707 4224 notis,
740 4153 833 4214 recte
850 4140 1003 4224 iunctis,
1034 4142 1162 4212 ordine
1176 4143 1251 4213 dis-
1299 4133 1422 4230 phiam
1449 4139 1554 4230 uobis
1575 4159 1798 4234 peperemnt.
1857 4150 1915 4224 Tu
1934 4179 2021 4228 vero
2047 4157 2145 4228 etiam
2164 4152 2250 4222 iuuit
2311 4175 2312 4178 ¹

256 4245 420 4330 tributis,
450 4243 588 4333 integre
608 4241 770 4334 explicet.
819 4239 919 4312 Bene
941 4243 1038 4312 olere
1052 4244 1250 4331 mulierem,
1299 4240 1474 4314 eosdicis.
1526 4241 1610 4312 Non
1626 4243 1711 4315 satis
1727 4252 1897 4338 attendis,
1926 4247 2030 4342 Pace,
2061 4280 2157 4351 quam
2172 4243 2249 4320 sasti-

255 4340 502 4427 aitPlautus,
534 4367 626 4438 quae
646 4337 739 4414 nibil
760 4342 843 4416 olet.
896 4341 997 4414 Talis
1012 4347 1126 4416 oratio
1142 4348 1248 4432 etiam
1299 4365 1384 4412 neas
1404 4367 1603 4433 personam.
1662 4347 1753 4420 Cum
1774 4353 1868 4426 enim
1890 4360 2088 4450 profitearis
2107 4373 2138 4428 ae
2159 4348 2248 4422 l‘hilc·

254 4453 405 4524 delectat
425 4471 510 4519 sana
529 4447 685 4536 ingenia.
748 4442 820 4515 Nec
843 4446 959 4517 solum
982 4445 1021 4516 iu
1044 4442 1175 4518 scholis
1207 4474 1247 4520 ac
1297 4440 1443 4535 sophiae
1461 4471 1501 4514 ac
1519 4448 1659 4519 veritati
1677 4453 1907 4546 patrocinari,
1933 4463 2134 4534 minimeea
2156 4457 2249 4526 fidere

253 4550 555 4646 disputationibus
575 4549 718 4620 laudem
743 4541 866 4634 babet,
897 4549 1086 4621 sedetiam
1107 4551 1147 4620 in
1167 4551 1246 4623 forn
1295 4545 1520 4636 simplicitate
1536 4573 1676 4621 causam
1691 4555 1764 4644 agis
1779 4568 1894 4643 tuam,
1927 4587 2036 4656 quam
2059 4547 2249 4647 Philosophia
2311 4553 2312 4560 ’

251 4656 358 4728 multi
374 4650 440 4724 bac
454 4677 526 4723 una
540 4652 655 4722 forma
671 4651 828 4722 contenti
845 4649 1003 4727 fuerunt.
1295 4647 1406 4718 tribui
1430 4652 1598 4740 postulas.
1665 4653 1846 4745 Quorsum
1874 4664 1969 4734 enim
2004 4667 2172 4760 pertinent
2197 4669 2248 4724 tan

350 4754 400 4830 Et
423 4755 530 4827 talem
551 4753 658 4826 uobis
682 4747 874 4826 Oratorem
899 4751 1091 4824 'Homerus
1112 4747 1244 4826 Mette-
1292 4749 1426 4822 multae
1443 4753 1696 4826 similitudines
1706 4770 1787 4828 taras
1801 4765 1961 4858 undique
1973 4765 2157 4840 collectae?
2181 4773 2250 4853 qutt

249 4855 354 4932 laum
367 4857 556 4936 describit,
588 4879 693 4949 quem
710 4856 760 4926 sit
777 4855 922 4926 solitum
939 4858 1076 4939 dicere,
1292 4875 1367 4922 non
1381 4855 1498 4924 solum
1514 4870 1705 4931 extenuant
1720 4857 1957 4958 Eloquentiae
1971 4871 2184 4961 dignitatem,
2203 4853 2247 4926 aad

289 4979 408 5059 Παῦρα
423 4973 502 5058 μὲν,
526 4962 709 5078 rilldpciln
725 4971 850 5055 λιγέως,
871 4970 935 5036 ἐπεὶ
953 4968 992 5036 do
1010 4967 1199 5052 πολύμυθος
1271 4955 1396 5046 'plane
1419 4957 1545 5030 iubent
1565 4961 1662 5030 velut
1682 4976 1812 5053 pestem
1835 4969 1972 5062 lugere,
2011 4973 2082 5044 nisi
2102 4968 2247 5042 utiusslin

288 5059 370 5128 ’Ovi'
393 5058 656 5146 ἅφαμϋρτῦεπης·
667 5091 811 5108 ---·
1289 5055 1411 5130 lectori
1428 5061 1576 5146 saciant,
1598 5086 1644 5132 ne
1658 5059 1893 5159 Eloquentiae
1906 5073 2110 5164 dignitatem
2124 5067 2247 5160 aspicere

341 5165 488 5238 Tribuit
508 5165 604 5234 enim
631 5161 666 5232 ei
685 5175 720 5233 et
743 5161 996 5255 proprietatem
1017 5173 1053 5231 et
1080 5158 1237 5230 suavita·
1286 5161 1422 5252 possit?
1473 5161 1614 5250 Quaeso
1630 5177 1665 5234 te
1678 5181 1799 5239 utrum
1818 5165 1904 5246 haee
1919 5169 2109 5250 Rhetorica
2130 5181 2245 5242 suntor

239 5287 322 5350 tem.
360 5267 436 5340 Has
449 5269 598 5338 virtutes
612 5264 782 5358 consequi
796 5254 1077 5356 Philbsophum,
1102 5261 1133 5330 si
1150 5261 1234 5334 velit
1283 5258 1516 5355 sophistica?¹
1561 5263 1666 5338 Certe
1688 5293 1709 5340 a
1730 5271 1809 5342 viro
1832 5271 2084 5369 Pbttosophico
2104 5297 2171 5348 non
2185 5275 2245 5358 apli
2311 5259 2312 5314 l

235 5371 408 5461 intelligi,
433 5380 584 5460 oportet.
635 5365 946 5462 Quantnmautern
962 5363 1150 5438 absuntab
1166 5364 1231 5437 illo
1281 5365 1462 5438 dicuntur.
1515 5365 1612 5455 Quid
1636 5371 1731 5440 enim
1754 5373 1860 5446 lacies
1875 5373 2067 5472 Theologis
2087 5367 2241 5452 sacundio-
2311 5351 2312 5424 i

232 5469 428 5552 Homerico
442 5463 620 5546 Menelao
633 5467 741 5542 vestri
754 5465 924 5551 barbari,
951 5467 1015 5564 qui
1029 5490 1111 5539 cum
1126 5491 1165 5538 ea
1182 5468 1228 5540 de
1278 5468 1399 5556 ribus,
1432 5461 1576 5558 Paulo,
1608 5465 1780 5564 Basilio,
1811 5475 2068 5580 Hieronymo?
2115 5459 2239 5552 Numhi
