<?xml version="1.0" encoding="UTF-8"?>
<!DOCTYPE html PUBLIC "-//W3C//DTD XHTML 1.0 Transitional//EN"
    "http://www.w3.org/TR/xhtml1/DTD/xhtml1-transitional.dtd">
<html xmlns="http://www.w3.org/1999/xhtml" xml:lang="en" lang="en">
 <head>
  <title>
</title>
<meta http-equiv="Content-Type" content="text/html;charset=utf-8" />
  <meta name='ocr-system' content='tesseract 3.04.00' />
  <meta name='ocr-capabilities' content='ocr_page ocr_carea ocr_par ocr_line ocrx_word'/>
</head>
<body>
  <div class='ocr_page' id='page_1' title='image "./philippimelanth06bindgoog_0129.png"; bbox 0 0 4718 6176; ppageno 0'>
   <div class='ocr_carea' id='block_1_1' title="bbox 104 269 2155 380">
    <p class='ocr_par' dir='ltr' id='par_1_1' title="bbox 104 269 2155 380">
     <span class='ocr_line' id='line_1_1' title="bbox 104 269 2155 380; baseline -0.003 -4"><span class='ocrx_word' id='word_1_1' title='bbox 104 303 177 380; x_wconf 78' lang='grc'><strong>198</strong></span> <span class='ocrx_word' id='word_1_2' title='bbox 687 281 1124 368; x_wconf 67' lang='lat' dir='ltr'><strong>Epistularum</strong></span> <span class='ocrx_word' id='word_1_3' title='bbox 1174 269 1281 350; x_wconf 77' lang='lat' dir='ltr'><strong>Lis.</strong></span> <span class='ocrx_word' id='word_1_4' title='bbox 1312 271 1417 354; x_wconf 73' lang='lat' dir='ltr'><strong>xlii</strong></span> <span class='ocrx_word' id='word_1_5' title='bbox 1471 271 1596 356; x_wconf 73' lang='lat' dir='ltr'><strong>isat.</strong></span> <span class='ocrx_word' id='word_1_6' title='bbox 2082 291 2155 369; x_wconf 79' lang='lat' dir='ltr'><strong>tat</strong></span> 
     </span>
    </p>
   </div>
   <div class='ocr_carea' id='block_1_2' title="bbox 99 425 2150 648">
    <p class='ocr_par' dir='ltr' id='par_1_2' title="bbox 99 425 2150 648">
     <span class='ocr_line' id='line_1_2' title="bbox 99 425 2150 552; baseline 0 -22"><span class='ocrx_word' id='word_1_7' title='bbox 99 468 297 549; x_wconf 60' lang='lat' dir='ltr'><strong>Megas,</strong></span> <span class='ocrx_word' id='word_1_8' title='bbox 596 507 604 524; x_wconf 87' lang='lat'><em>.</em></span> <span class='ocrx_word' id='word_1_9' title='bbox 932 475 966 544; x_wconf 71' lang='lat' dir='ltr'><strong>g,</strong></span> <span class='ocrx_word' id='word_1_10' title='bbox 986 465 1073 552; x_wconf 73' lang='lat' dir='ltr'><strong>Aug.</strong></span> <span class='ocrx_word' id='word_1_11' title='bbox 1154 463 1194 524; x_wconf 91' lang='lat' dir='ltr'><strong>ut</strong></span> <span class='ocrx_word' id='word_1_12' title='bbox 1208 444 1398 538; x_wconf 84' lang='lat' dir='ltr'><strong>haeretici,</strong></span> <span class='ocrx_word' id='word_1_13' title='bbox 1421 449 1543 546; x_wconf 86' lang='lat' dir='ltr'><strong>quales</strong></span> <span class='ocrx_word' id='word_1_14' title='bbox 1567 450 1672 524; x_wconf 88' lang='lat' dir='ltr'><strong>multi</strong></span> <span class='ocrx_word' id='word_1_15' title='bbox 1693 425 1857 544; x_wconf 78' lang='lat' dir='ltr'><strong>fueraut,</strong></span> <span class='ocrx_word' id='word_1_16' title='bbox 1882 472 1965 532; x_wconf 89' lang='lat' dir='ltr'><strong>suut</strong></span> <span class='ocrx_word' id='word_1_17' title='bbox 1988 475 2023 536; x_wconf 89' lang='lat' dir='ltr'><strong>et</strong></span> <span class='ocrx_word' id='word_1_18' title='bbox 2043 479 2150 541; x_wconf 75' lang='lat' dir='ltr'><strong>amnt</strong></span> 
     </span>
     <span class='ocr_line' id='line_1_3' title="bbox 106 551 2148 648; baseline 0.01 -28"><span class='ocrx_word' id='word_1_19' title='bbox 106 569 284 602; x_wconf 57' lang='lat' dir='ltr'><strong>m</strong></span> <span class='ocrx_word' id='word_1_20' title='bbox 918 559 1093 594; x_wconf 48' lang='grc' dir='ltr'><strong>*θ’</strong></span> <span class='ocrx_word' id='word_1_21' title='bbox 1154 553 1323 624; x_wconf 91' lang='lat' dir='ltr'><strong>omnibus</strong></span> <span class='ocrx_word' id='word_1_22' title='bbox 1348 553 1580 646; x_wconf 79' lang='lat' dir='ltr'><strong>temporibus.</strong></span> <span class='ocrx_word' id='word_1_23' title='bbox 1632 551 1758 628; x_wconf 85' lang='lat' dir='ltr'><strong>Manet</strong></span> <span class='ocrx_word' id='word_1_24' title='bbox 1780 571 1899 632; x_wconf 88' lang='lat' dir='ltr'><strong>tamen</strong></span> <span class='ocrx_word' id='word_1_25' title='bbox 1923 587 2067 648; x_wconf 84' lang='lat' dir='ltr'><strong>norma,</strong></span> <span class='ocrx_word' id='word_1_26' title='bbox 2092 569 2148 639; x_wconf 89' lang='lat' dir='ltr'><strong>vi-</strong></span> 
     </span>
    </p>
   </div>
   <div class='ocr_carea' id='block_1_3' title="bbox 426 655 2147 849">
    <p class='ocr_par' dir='ltr' id='par_1_3' title="bbox 426 655 2147 849">
     <span class='ocr_line' id='line_1_4' title="bbox 426 655 2147 794; baseline -0.006 -53"><span class='ocrx_word' id='word_1_27' title='bbox 426 667 621 794; x_wconf 63' lang='lat' dir='ltr'><strong>ngluff</strong></span> <span class='ocrx_word' id='word_1_28' title='bbox 645 673 789 766; x_wconf 55' lang='lat' dir='ltr'><strong>Trou,</strong></span> <span class='ocrx_word' id='word_1_29' title='bbox 1153 655 1285 728; x_wconf 80' lang='lat' dir='ltr'>delicet</span> <span class='ocrx_word' id='word_1_30' title='bbox 1299 655 1483 726; x_wconf 86' lang='lat' dir='ltr'><strong>doctrinae</strong></span> <span class='ocrx_word' id='word_1_31' title='bbox 1501 657 1656 750; x_wconf 90' lang='lat' dir='ltr'><strong>puritas,</strong></span> <span class='ocrx_word' id='word_1_32' title='bbox 1682 682 1773 752; x_wconf 89' lang='lat' dir='ltr'><strong>quae</strong></span> <span class='ocrx_word' id='word_1_33' title='bbox 1790 661 1962 736; x_wconf 80' lang='lat' dir='ltr'><strong>discernit</strong></span> <span class='ocrx_word' id='word_1_34' title='bbox 1977 689 2079 740; x_wconf 89' lang='lat' dir='ltr'><strong>veros</strong></span> <span class='ocrx_word' id='word_1_35' title='bbox 2096 672 2147 740; x_wconf 84' lang='lat' dir='ltr'><strong>ci.</strong></span> 
     </span>
     <span class='ocr_line' id='line_1_5' title="bbox 1151 751 2146 849; baseline 0.014 -21"><span class='ocrx_word' id='word_1_36' title='bbox 1151 781 1214 828; x_wconf 88' lang='lat' dir='ltr'><strong>ves</strong></span> <span class='ocrx_word' id='word_1_37' title='bbox 1232 758 1277 826; x_wconf 85' lang='lat' dir='ltr'><strong>ab</strong></span> <span class='ocrx_word' id='word_1_38' title='bbox 1299 751 1472 834; x_wconf 85' lang='lat' dir='ltr'><strong>hostibus.</strong></span> <span class='ocrx_word' id='word_1_39' title='bbox 1525 755 1566 828; x_wconf 89' lang='lat' dir='ltr'><strong>ld</strong></span> <span class='ocrx_word' id='word_1_40' title='bbox 1589 759 1728 849; x_wconf 88' lang='lat' dir='ltr'><strong>signum</strong></span> <span class='ocrx_word' id='word_1_41' title='bbox 1752 761 1864 832; x_wconf 87' lang='lat' dir='ltr'><strong>firmis</strong></span> <span class='ocrx_word' id='word_1_42' title='bbox 1888 769 2067 841; x_wconf 87' lang='lat' dir='ltr'><strong>mentibus</strong></span> <span class='ocrx_word' id='word_1_43' title='bbox 2089 773 2146 843; x_wconf 89' lang='lat' dir='ltr'><strong>iii·</strong></span> 
     </span>
    </p>
   </div>
   <div class='ocr_carea' id='block_1_4' title="bbox 168 841 2259 993">
    <p class='ocr_par' dir='ltr' id='par_1_4' title="bbox 168 841 2259 993">
     <span class='ocr_line' id='line_1_6' title="bbox 168 841 2259 993; baseline -0.011 -9"><span class='ocrx_word' id='word_1_44' title='bbox 168 847 640 993; x_wconf 59' lang='lat' dir='ltr'><strong>“iltitllttalt’lttt&#39;l</strong></span> <span class='ocrx_word' id='word_1_45' title='bbox 662 845 885 986; x_wconf 53' lang='lat' dir='ltr'><strong>:tundat</strong></span> <span class='ocrx_word' id='word_1_46' title='bbox 898 841 1100 984; x_wconf 58' lang='lat' dir='ltr'><strong>hiltrud:</strong></span> <span class='ocrx_word' id='word_1_47' title='bbox 1152 873 1335 946; x_wconf 68' lang='lat' dir='ltr'><strong>‘¹¹⁸³m0‘2</strong></span> <span class='ocrx_word' id='word_1_48' title='bbox 1365 872 1399 931; x_wconf 70' lang='lat'><strong>²²</strong></span> <span class='ocrx_word' id='word_1_49' title='bbox 1422 860 1705 946; x_wconf 61' lang='lat' dir='ltr'><strong>⁰⁰ss⁸³derfl¹⁰⁰⁸2</strong></span> <span class='ocrx_word' id='word_1_50' title='bbox 1747 864 1809 957; x_wconf 70' lang='lat' dir='ltr'><strong>sui</strong></span> <span class='ocrx_word' id='word_1_51' title='bbox 1840 867 1975 940; x_wconf 74' lang='lat' dir='ltr'><strong>suerint</strong></span> <span class='ocrx_word' id='word_1_52' title='bbox 1995 873 2145 964; x_wconf 67' lang='lat' dir='ltr'><strong>ungue</strong></span> <span class='ocrx_word' id='word_1_53' title='bbox 2253 923 2259 950; x_wconf 85' lang='lat'><strong>·</strong></span> 
     </span>
    </p>
   </div>
   <div class='ocr_carea' id='block_1_5' title="bbox 202 961 2144 1122">
    <p class='ocr_par' dir='ltr' id='par_1_5' title="bbox 202 961 2144 1122">
     <span class='ocr_line' id='line_1_7' title="bbox 202 961 2144 1120; baseline -0.004 -69"><span class='ocrx_word' id='word_1_54' title='bbox 202 997 376 1120; x_wconf 51' lang='lat' dir='ltr'><strong>gubernante</strong></span> <span class='ocrx_word' id='word_1_55' title='bbox 397 991 546 1047; x_wconf 84' lang='lat' dir='ltr'><strong>Ecclesiam</strong></span> <span class='ocrx_word' id='word_1_56' title='bbox 571 987 623 1042; x_wconf 89' lang='lat' dir='ltr'><strong>Dei</strong></span> <span class='ocrx_word' id='word_1_57' title='bbox 649 987 678 1042; x_wconf 90' lang='lat' dir='ltr'><strong>iri</strong></span> <span class='ocrx_word' id='word_1_58' title='bbox 703 985 808 1058; x_wconf 79' lang='lat' dir='ltr'><strong>inclyto</strong></span> <span class='ocrx_word' id='word_1_59' title='bbox 834 984 931 1060; x_wconf 81' lang='lat' dir='ltr'><strong>Regno</strong></span> <span class='ocrx_word' id='word_1_60' title='bbox 957 985 1100 1042; x_wconf 80' lang='lat' dir='ltr'><strong>Danicu.&#39;&#39;</strong></span> <span class='ocrx_word' id='word_1_61' title='bbox 1152 962 1343 1047; x_wconf 85' lang='lat' dir='ltr'><strong>aetatibus,</strong></span> <span class='ocrx_word' id='word_1_62' title='bbox 1360 974 1393 1032; x_wconf 76' lang='lat' dir='ltr'><strong>el</strong></span> <span class='ocrx_word' id='word_1_63' title='bbox 1409 961 1471 1056; x_wconf 76' lang='lat' dir='ltr'><strong>qul</strong></span> <span class='ocrx_word' id='word_1_64' title='bbox 1488 985 1585 1032; x_wconf 82' lang='lat' dir='ltr'><strong>nunc</strong></span> <span class='ocrx_word' id='word_1_65' title='bbox 1602 963 1691 1049; x_wconf 76' lang='lat' dir='ltr'><strong>slnl,</strong></span> <span class='ocrx_word' id='word_1_66' title='bbox 1707 966 1768 1058; x_wconf 77' lang='lat' dir='ltr'><strong>qul</strong></span> <span class='ocrx_word' id='word_1_67' title='bbox 1787 971 1963 1040; x_wconf 71' lang='lat' dir='ltr'><strong>confraria</strong></span> <span class='ocrx_word' id='word_1_68' title='bbox 1980 975 2144 1066; x_wconf 75' lang='lat' dir='ltr'><strong>dogmata</strong></span> 
     </span>
     <span class='ocr_line' id='line_1_8' title="bbox 232 1087 242 1122; baseline 0 0"><span class='ocrx_word' id='word_1_69' title='bbox 232 1087 242 1122; x_wconf 92' lang='lat' dir='ltr'><strong>i</strong></span> 
     </span>
    </p>
   </div>
   <div class='ocr_carea' id='block_1_6' title="bbox 207 1051 2145 1260">
    <p class='ocr_par' dir='ltr' id='par_1_6' title="bbox 207 1051 2145 1260">
     <span class='ocr_line' id='line_1_9' title="bbox 243 1051 2145 1156; baseline 0.017 -40"><span class='ocrx_word' id='word_1_70' title='bbox 243 1067 372 1134; x_wconf 68' lang='lat' dir='ltr'><strong>tebergae</strong></span> <span class='ocrx_word' id='word_1_71' title='bbox 386 1080 417 1116; x_wconf 75' lang='lat' dir='ltr'><strong>es</strong></span> <span class='ocrx_word' id='word_1_72' title='bbox 431 1057 545 1116; x_wconf 76' lang='lat' dir='ltr'><strong>officina</strong></span> <span class='ocrx_word' id='word_1_73' title='bbox 560 1055 636 1114; x_wconf 80' lang='lat' dir='ltr'><strong>Petri</strong></span> <span class='ocrx_word' id='word_1_74' title='bbox 649 1055 754 1114; x_wconf 73' lang='lat' dir='ltr'><strong>Siluii.</strong></span> <span class='ocrx_word' id='word_1_75' title='bbox 791 1057 828 1125; x_wconf 73' lang='lat' dir='ltr'><strong>(a.</strong></span> <span class='ocrx_word' id='word_1_76' title='bbox 845 1059 886 1124; x_wconf 79' lang='lat' dir='ltr'><strong>a.)</strong></span> <span class='ocrx_word' id='word_1_77' title='bbox 919 1055 946 1114; x_wconf 75' lang='lat'><strong>⁸·</strong></span> <span class='ocrx_word' id='word_1_78' title='bbox 981 1051 1099 1128; x_wconf 53' lang='lat' dir='ltr'><strong>thav&amp;</strong></span> <span class='ocrx_word' id='word_1_79' title='bbox 1152 1061 1365 1156; x_wconf 74' lang='lat' dir='ltr'><strong>sparserint,</strong></span> <span class='ocrx_word' id='word_1_80' title='bbox 1399 1077 1433 1133; x_wconf 91' lang='lat' dir='ltr'><strong>et</strong></span> <span class='ocrx_word' id='word_1_81' title='bbox 1455 1064 1684 1134; x_wconf 73' lang='lat' dir='ltr'><strong>refutationes</strong></span> <span class='ocrx_word' id='word_1_82' title='bbox 1709 1077 1908 1142; x_wconf 88' lang='lat' dir='ltr'><strong>teneamus:</strong></span> <span class='ocrx_word' id='word_1_83' title='bbox 1942 1073 2032 1146; x_wconf 89' lang='lat' dir='ltr'><strong>sicut</strong></span> <span class='ocrx_word' id='word_1_84' title='bbox 2056 1077 2145 1148; x_wconf 88' lang='lat' dir='ltr'><strong>civia</strong></span> 
     </span>
     <span class='ocr_line' id='line_1_10' title="bbox 207 1135 2142 1260; baseline 0.016 -39"><span class='ocrx_word' id='word_1_85' title='bbox 207 1135 327 1207; x_wconf 55' lang='grc' dir='ltr'>(Μ’)</span> <span class='ocrx_word' id='word_1_86' title='bbox 1152 1165 1267 1236; x_wconf 84' lang='lat' dir='ltr'><strong>fidelis</strong></span> <span class='ocrx_word' id='word_1_87' title='bbox 1296 1159 1434 1235; x_wconf 90' lang='lat' dir='ltr'><strong>hostem</strong></span> <span class='ocrx_word' id='word_1_88' title='bbox 1468 1167 1611 1236; x_wconf 86' lang='lat' dir='ltr'><strong>novisse</strong></span> <span class='ocrx_word' id='word_1_89' title='bbox 1643 1181 1678 1240; x_wconf 91' lang='lat' dir='ltr'><strong>et</strong></span> <span class='ocrx_word' id='word_1_90' title='bbox 1711 1169 1882 1260; x_wconf 85' lang='lat' dir='ltr'><strong>repellere</strong></span> <span class='ocrx_word' id='word_1_91' title='bbox 1911 1175 2029 1251; x_wconf 90' lang='lat' dir='ltr'><strong>debet.</strong></span> <span class='ocrx_word' id='word_1_92' title='bbox 2088 1177 2142 1251; x_wconf 88' lang='lat' dir='ltr'><strong>Ac</strong></span> 
     </span>
    </p>
   </div>
   <div class='ocr_carea' id='block_1_7' title="bbox 104 1267 2143 1602">
    <p class='ocr_par' dir='ltr' id='par_1_7' title="bbox 104 1267 2143 1602">
     <span class='ocr_line' id='line_1_11' title="bbox 104 1267 2142 1408; baseline -0.017 -22"><span class='ocrx_word' id='word_1_93' title='bbox 104 1301 324 1408; x_wconf 82' lang='lat' dir='ltr'><strong>Magnifice</strong></span> <span class='ocrx_word' id='word_1_94' title='bbox 339 1301 436 1390; x_wconf 83' lang='lat' dir='ltr'><strong>viro,</strong></span> <span class='ocrx_word' id='word_1_95' title='bbox 458 1295 653 1372; x_wconf 84' lang='lat' dir='ltr'><strong>nobilitate</strong></span> <span class='ocrx_word' id='word_1_96' title='bbox 667 1293 831 1393; x_wconf 81' lang='lat' dir='ltr'><strong>generis,</strong></span> <span class='ocrx_word' id='word_1_97' title='bbox 854 1322 901 1371; x_wconf 86' lang='lat' dir='ltr'><strong>sa</strong></span> <span class='ocrx_word' id='word_1_98' title='bbox 928 1297 1044 1370; x_wconf 81' lang='lat' dir='ltr'><strong>italia</strong></span> <span class='ocrx_word' id='word_1_99' title='bbox 1067 1307 1098 1370; x_wconf 85' lang='lat' dir='ltr'><strong>at</strong></span> <span class='ocrx_word' id='word_1_100' title='bbox 1152 1269 1297 1361; x_wconf 66' lang='lat' dir='ltr'><strong>Pf⁰d⁰⁸t</strong></span> <span class='ocrx_word' id='word_1_101' title='bbox 1319 1267 1422 1386; x_wconf 66' lang='lat' dir='ltr'><strong>¹?b⁰¹</strong></span> <span class='ocrx_word' id='word_1_102' title='bbox 1439 1291 1585 1386; x_wconf 46' lang='lat' dir='ltr'>‘Qum‘</span> <span class='ocrx_word' id='word_1_103' title='bbox 1608 1271 1670 1364; x_wconf 56' lang='lat'>‘1¹¹3</span> <span class='ocrx_word' id='word_1_104' title='bbox 1688 1271 1870 1394; x_wconf 30' lang='lat' dir='ltr'><strong>⁰³²³¹⁰ss⁰t⁵o</strong></span> <span class='ocrx_word' id='word_1_105' title='bbox 1885 1269 2142 1396; x_wconf 71' lang='lat' dir='ltr'><strong>baereticorum</strong></span> 
     </span>
     <span class='ocr_line' id='line_1_12' title="bbox 107 1371 2140 1508; baseline -0.012 -48"><span class='ocrx_word' id='word_1_106' title='bbox 107 1419 236 1490; x_wconf 55' lang='lat' dir='ltr'><strong>,imm</strong></span> <span class='ocrx_word' id='word_1_107' title='bbox 271 1401 502 1508; x_wconf 57' lang='lat' dir='ltr'><strong>praespangi,</strong></span> <span class='ocrx_word' id='word_1_108' title='bbox 531 1398 700 1472; x_wconf 61' lang='lat' dir='ltr'><strong>Domino</strong></span> <span class='ocrx_word' id='word_1_109' title='bbox 728 1397 873 1472; x_wconf 60' lang='lat' dir='ltr'><strong>Hm„</strong></span> <span class='ocrx_word' id='word_1_110' title='bbox 941 1397 1101 1484; x_wconf 55' lang='lat' dir='ltr'><em>Trou,</em></span> <span class='ocrx_word' id='word_1_111' title='bbox 1153 1384 1187 1488; x_wconf 74' lang='lat' dir='ltr'><strong>et</strong></span> <span class='ocrx_word' id='word_1_112' title='bbox 1200 1371 1432 1442; x_wconf 87' lang='lat' dir='ltr'><strong>refutationes</strong></span> <span class='ocrx_word' id='word_1_113' title='bbox 1446 1371 1653 1491; x_wconf 75' lang='lat' dir='ltr'><strong>ediderunt:</strong></span> <span class='ocrx_word' id='word_1_114' title='bbox 1680 1385 1802 1491; x_wconf 73' lang='lat' dir='ltr'><strong>estpue</strong></span> <span class='ocrx_word' id='word_1_115' title='bbox 1820 1399 1888 1493; x_wconf 81' lang='lat' dir='ltr'><strong>piis</strong></span> <span class='ocrx_word' id='word_1_116' title='bbox 1903 1381 2140 1466; x_wconf 68' lang='lat' dir='ltr'><strong>grat13⁸imum</strong></span> 
     </span>
     <span class='ocr_line' id='line_1_13' title="bbox 109 1481 2143 1602; baseline -0.003 -42"><span class='ocrx_word' id='word_1_117' title='bbox 109 1511 335 1592; x_wconf 58' lang='lat' dir='ltr'><strong>gmdpargo</strong></span> <span class='ocrx_word' id='word_1_118' title='bbox 357 1505 528 1579; x_wconf 59' lang='lat' dir='ltr'><em>Domo</em></span> <span class='ocrx_word' id='word_1_119' title='bbox 561 1504 600 1574; x_wconf 65' lang='lat'><strong>5„</strong></span> <span class='ocrx_word' id='word_1_120' title='bbox 620 1495 899 1591; x_wconf 55' lang='lat' dir='ltr'><strong>Hudrpsholm,</strong></span> <span class='ocrx_word' id='word_1_121' title='bbox 931 1497 1102 1602; x_wconf 45' lang='lat' dir='ltr'><strong>praesag</strong></span> <span class='ocrx_word' id='word_1_122' title='bbox 1153 1485 1379 1563; x_wconf 78' lang='lat' dir='ltr'><strong>incorruptae</strong></span> <span class='ocrx_word' id='word_1_123' title='bbox 1414 1485 1634 1566; x_wconf 75' lang='lat' dir='ltr'><strong>antiquitatis</strong></span> <span class='ocrx_word' id='word_1_124' title='bbox 1666 1484 1870 1546; x_wconf 85' lang='lat' dir='ltr'><strong>testimonia</strong></span> <span class='ocrx_word' id='word_1_125' title='bbox 1905 1481 1949 1550; x_wconf 82' lang='lat' dir='ltr'><strong>cle</strong></span> <span class='ocrx_word' id='word_1_126' title='bbox 1980 1483 2143 1554; x_wconf 85' lang='lat' dir='ltr'><strong>maximis</strong></span> 
     </span>
    </p>
   </div>
   <div class='ocr_carea' id='block_1_8' title="bbox 117 1573 2144 1872">
    <p class='ocr_par' dir='ltr' id='par_1_8' title="bbox 117 1573 2144 1872">
     <span class='ocr_line' id='line_1_14' title="bbox 117 1573 2144 1703; baseline -0.02 -8"><span class='ocrx_word' id='word_1_127' title='bbox 117 1625 156 1694; x_wconf 83' lang='lat' dir='ltr'><strong>in</strong></span> <span class='ocrx_word' id='word_1_128' title='bbox 173 1605 363 1694; x_wconf 75' lang='lat' dir='ltr'><strong>Roschild</strong></span> <span class='ocrx_word' id='word_1_129' title='bbox 376 1607 416 1680; x_wconf 85' lang='lat' dir='ltr'><strong>in</strong></span> <span class='ocrx_word' id='word_1_130' title='bbox 432 1603 567 1703; x_wconf 86' lang='lat' dir='ltr'><strong>Regno</strong></span> <span class='ocrx_word' id='word_1_131' title='bbox 581 1600 752 1693; x_wconf 85' lang='lat' dir='ltr'><strong>Dunico,</strong></span> <span class='ocrx_word' id='word_1_132' title='bbox 773 1597 942 1680; x_wconf 67' lang='lat' dir='ltr'><strong>Patrono</strong></span> <span class='ocrx_word' id='word_1_133' title='bbox 959 1629 1027 1680; x_wconf 54' lang='lat'><strong>530</strong></span> <span class='ocrx_word' id='word_1_134' title='bbox 1041 1627 1101 1678; x_wconf 66' lang='grc' dir='ltr'><strong>ω,</strong></span> <span class='ocrx_word' id='word_1_135' title='bbox 1151 1574 1259 1646; x_wconf 91' lang='lat' dir='ltr'><strong>rebus</strong></span> <span class='ocrx_word' id='word_1_136' title='bbox 1276 1573 1408 1643; x_wconf 89' lang='lat' dir='ltr'><strong>videre.</strong></span> <span class='ocrx_word' id='word_1_137' title='bbox 1456 1573 1563 1644; x_wconf 85' lang='lat' dir='ltr'><strong>Tales</strong></span> <span class='ocrx_word' id='word_1_138' title='bbox 1579 1573 1811 1694; x_wconf 78' lang='lat' dir='ltr'><strong>instituerunt</strong></span> <span class='ocrx_word' id='word_1_139' title='bbox 1823 1573 2011 1671; x_wconf 85' lang='lat' dir='ltr'><strong>Catalogos</strong></span> <span class='ocrx_word' id='word_1_140' title='bbox 2025 1585 2144 1672; x_wconf 90' lang='lat' dir='ltr'><strong>multi,</strong></span> 
     </span>
     <span class='ocr_line' id='line_1_15' title="bbox 358 1670 2142 1794; baseline -0.002 -38"><span class='ocrx_word' id='word_1_141' title='bbox 358 1706 485 1794; x_wconf 59' lang='lat' dir='ltr'><strong>pendo,</strong></span> <span class='ocrx_word' id='word_1_142' title='bbox 512 1702 617 1783; x_wconf 47' lang='lat' dir='ltr'><strong>phil,</strong></span> <span class='ocrx_word' id='word_1_143' title='bbox 630 1702 725 1781; x_wconf 49' lang='lat' dir='ltr'><em>Mel·</em></span> <span class='ocrx_word' id='word_1_144' title='bbox 752 1705 789 1779; x_wconf 52' lang='lat' dir='ltr'><strong>s,</strong></span> <span class='ocrx_word' id='word_1_145' title='bbox 806 1709 856 1782; x_wconf 51' lang='lat' dir='ltr'><strong>D·</strong></span> <span class='ocrx_word' id='word_1_146' title='bbox 1153 1672 1318 1761; x_wconf 89' lang='lat' dir='ltr'><strong>lreueus,</strong></span> <span class='ocrx_word' id='word_1_147' title='bbox 1342 1672 1526 1762; x_wconf 87' lang='lat' dir='ltr'><strong>Clemens,</strong></span> <span class='ocrx_word' id='word_1_148' title='bbox 1550 1670 1794 1770; x_wconf 82' lang='lat' dir='ltr'><strong>Epiphanius,</strong></span> <span class='ocrx_word' id='word_1_149' title='bbox 1819 1675 2062 1772; x_wconf 79' lang='lat' dir='ltr'><strong>Augustinus,</strong></span> <span class='ocrx_word' id='word_1_150' title='bbox 2077 1689 2142 1780; x_wconf 82' lang='lat' dir='ltr'><strong>qui</strong></span> 
     </span>
     <span class='ocr_line' id='line_1_16' title="bbox 1153 1776 2141 1872; baseline 0.013 -25"><span class='ocrx_word' id='word_1_151' title='bbox 1153 1789 1189 1850; x_wconf 92' lang='lat' dir='ltr'><strong>et</strong></span> <span class='ocrx_word' id='word_1_152' title='bbox 1216 1776 1446 1848; x_wconf 76' lang='lat' dir='ltr'><strong>refutationes</strong></span> <span class='ocrx_word' id='word_1_153' title='bbox 1467 1779 1700 1864; x_wconf 89' lang='lat' dir='ltr'><strong>addiderunt,</strong></span> <span class='ocrx_word' id='word_1_154' title='bbox 1739 1803 1889 1872; x_wconf 84' lang='lat' dir='ltr'><strong>quarum</strong></span> <span class='ocrx_word' id='word_1_155' title='bbox 1914 1786 2018 1857; x_wconf 89' lang='lat' dir='ltr'><strong>nobis</strong></span> <span class='ocrx_word' id='word_1_156' title='bbox 2042 1789 2141 1860; x_wconf 88' lang='lat' dir='ltr'><strong>testi-</strong></span> 
     </span>
    </p>
   </div>
   <div class='ocr_carea' id='block_1_9' title="bbox 100 1873 2186 5536">
    <p class='ocr_par' dir='ltr' id='par_1_9' title="bbox 100 1873 2186 5536">
     <span class='ocr_line' id='line_1_17' title="bbox 109 1873 2141 1980; baseline -0.002 -16"><span class='ocrx_word' id='word_1_157' title='bbox 109 1879 312 1980; x_wconf 80' lang='lat' dir='ltr'><strong>Praecipua</strong></span> <span class='ocrx_word' id='word_1_158' title='bbox 340 1875 537 1952; x_wconf 88' lang='lat' dir='ltr'><strong>consolatio</strong></span> <span class='ocrx_word' id='word_1_159' title='bbox 570 1887 621 1946; x_wconf 89' lang='lat' dir='ltr'><strong>est</strong></span> <span class='ocrx_word' id='word_1_160' title='bbox 649 1875 827 1944; x_wconf 91' lang='lat' dir='ltr'><strong>bonarum</strong></span> <span class='ocrx_word' id='word_1_161' title='bbox 853 1875 1028 1946; x_wconf 86' lang='lat' dir='ltr'><strong>mentium</strong></span> <span class='ocrx_word' id='word_1_162' title='bbox 1061 1873 1101 1943; x_wconf 92' lang='lat' dir='ltr'><strong>iii</strong></span> <span class='ocrx_word' id='word_1_163' title='bbox 1153 1879 1275 1950; x_wconf 89' lang='lat' dir='ltr'><strong>monia</strong></span> <span class='ocrx_word' id='word_1_164' title='bbox 1291 1879 1331 1949; x_wconf 93' lang='lat' dir='ltr'><strong>iii</strong></span> <span class='ocrx_word' id='word_1_165' title='bbox 1353 1878 1569 1971; x_wconf 88' lang='lat' dir='ltr'><strong>gravissimis</strong></span> <span class='ocrx_word' id='word_1_166' title='bbox 1587 1882 1836 1952; x_wconf 87' lang='lat' dir='ltr'><strong>controversiis</strong></span> <span class='ocrx_word' id='word_1_167' title='bbox 1852 1884 1956 1956; x_wconf 90' lang='lat' dir='ltr'><strong>valde</strong></span> <span class='ocrx_word' id='word_1_168' title='bbox 1980 1903 2141 1980; x_wconf 86' lang='lat' dir='ltr'><strong>prosunt.</strong></span> 
     </span>
     <span class='ocr_line' id='line_1_18' title="bbox 106 1975 2141 2082; baseline -0.002 -17"><span class='ocrx_word' id='word_1_169' title='bbox 106 1991 213 2066; x_wconf 87' lang='lat' dir='ltr'><strong>tantis</strong></span> <span class='ocrx_word' id='word_1_170' title='bbox 226 1983 372 2082; x_wconf 87' lang='lat' dir='ltr'><strong>generis</strong></span> <span class='ocrx_word' id='word_1_171' title='bbox 387 1977 537 2052; x_wconf 91' lang='lat' dir='ltr'><strong>humani</strong></span> <span class='ocrx_word' id='word_1_172' title='bbox 547 1975 835 2062; x_wconf 89' lang='lat' dir='ltr'><strong>confusionibus,</strong></span> <span class='ocrx_word' id='word_1_173' title='bbox 848 1975 887 2046; x_wconf 93' lang='lat' dir='ltr'><strong>in</strong></span> <span class='ocrx_word' id='word_1_174' title='bbox 900 1990 998 2050; x_wconf 89' lang='lat' dir='ltr'><strong>tanta</strong></span> <span class='ocrx_word' id='word_1_175' title='bbox 1005 1975 1101 2046; x_wconf 89' lang='lat' dir='ltr'><strong>mole</strong></span> <span class='ocrx_word' id='word_1_176' title='bbox 1151 1977 1243 2054; x_wconf 89' lang='lat' dir='ltr'><strong>Cum</strong></span> <span class='ocrx_word' id='word_1_177' title='bbox 1260 1981 1358 2051; x_wconf 91' lang='lat' dir='ltr'><strong>enim</strong></span> <span class='ocrx_word' id='word_1_178' title='bbox 1373 1981 1521 2052; x_wconf 90' lang='lat' dir='ltr'><strong>dicitur:</strong></span> <span class='ocrx_word' id='word_1_179' title='bbox 1548 1979 1624 2053; x_wconf 89' lang='lat' dir='ltr'><strong>Nisi</strong></span> <span class='ocrx_word' id='word_1_180' title='bbox 1638 1983 1799 2054; x_wconf 81' lang='lat' dir='ltr'><strong>arassetis</strong></span> <span class='ocrx_word' id='word_1_181' title='bbox 1814 1984 1925 2056; x_wconf 89' lang='lat' dir='ltr'><strong>vitula</strong></span> <span class='ocrx_word' id='word_1_182' title='bbox 1946 2011 2041 2076; x_wconf 90' lang='lat' dir='ltr'><strong>mea,</strong></span> <span class='ocrx_word' id='word_1_183' title='bbox 2065 2015 2141 2062; x_wconf 93' lang='lat' dir='ltr'><strong>non</strong></span> 
     </span>
     <span class='ocr_line' id='line_1_19' title="bbox 103 2077 2141 2187; baseline -0.001 -21"><span class='ocrx_word' id='word_1_184' title='bbox 103 2093 367 2170; x_wconf 85' lang='lat' dir='ltr'><strong>calamitatum,</strong></span> <span class='ocrx_word' id='word_1_185' title='bbox 395 2083 435 2154; x_wconf 92' lang='lat' dir='ltr'><strong>iii</strong></span> <span class='ocrx_word' id='word_1_186' title='bbox 463 2094 561 2154; x_wconf 88' lang='lat' dir='ltr'><strong>tanta</strong></span> <span class='ocrx_word' id='word_1_187' title='bbox 588 2078 859 2170; x_wconf 81' lang='lat' dir='ltr'><strong>gubernationis</strong></span> <span class='ocrx_word' id='word_1_188' title='bbox 882 2077 1100 2164; x_wconf 84' lang='lat' dir='ltr'><strong>difficultate,</strong></span> <span class='ocrx_word' id='word_1_189' title='bbox 1150 2083 1394 2165; x_wconf 88' lang='lat' dir='ltr'><strong>invenissetis,</strong></span> <span class='ocrx_word' id='word_1_190' title='bbox 1411 2107 1619 2167; x_wconf 90' lang='lat' dir='ltr'><strong>monemur,</strong></span> <span class='ocrx_word' id='word_1_191' title='bbox 1636 2099 1676 2156; x_wconf 95' lang='lat' dir='ltr'><strong>ut</strong></span> <span class='ocrx_word' id='word_1_192' title='bbox 1690 2085 2032 2180; x_wconf 83' lang='lat' dir='ltr'><strong>circumspiciamus,</strong></span> <span class='ocrx_word' id='word_1_193' title='bbox 2050 2117 2141 2187; x_wconf 87' lang='lat' dir='ltr'><strong>quae</strong></span> 
     </span>
     <span class='ocr_line' id='line_1_20' title="bbox 102 2177 2141 2284; baseline -0.002 -15"><span class='ocrx_word' id='word_1_194' title='bbox 102 2197 206 2269; x_wconf 84' lang='lat' dir='ltr'><strong>firma</strong></span> <span class='ocrx_word' id='word_1_195' title='bbox 232 2192 304 2264; x_wconf 86' lang='lat' dir='ltr'><strong>lide</strong></span> <span class='ocrx_word' id='word_1_196' title='bbox 331 2186 483 2258; x_wconf 88' lang='lat' dir='ltr'><strong>retinere</strong></span> <span class='ocrx_word' id='word_1_197' title='bbox 507 2177 600 2253; x_wconf 88' lang='lat' dir='ltr'><strong>hanc</strong></span> <span class='ocrx_word' id='word_1_198' title='bbox 622 2179 832 2252; x_wconf 86' lang='lat' dir='ltr'><strong>sententiam</strong></span> <span class='ocrx_word' id='word_1_199' title='bbox 865 2179 904 2250; x_wconf 93' lang='lat' dir='ltr'><strong>iii</strong></span> <span class='ocrx_word' id='word_1_200' title='bbox 927 2179 1100 2278; x_wconf 91' lang='lat' dir='ltr'><strong>Symbolo</strong></span> <span class='ocrx_word' id='word_1_201' title='bbox 1152 2197 1187 2256; x_wconf 89' lang='lat' dir='ltr'><strong>et</strong></span> <span class='ocrx_word' id='word_1_202' title='bbox 1207 2185 1271 2255; x_wconf 91' lang='lat' dir='ltr'><strong>ubi</strong></span> <span class='ocrx_word' id='word_1_203' title='bbox 1297 2185 1343 2256; x_wconf 88' lang='lat' dir='ltr'><strong>sit</strong></span> <span class='ocrx_word' id='word_1_204' title='bbox 1364 2209 1446 2256; x_wconf 90' lang='lat' dir='ltr'><strong>vera</strong></span> <span class='ocrx_word' id='word_1_205' title='bbox 1467 2181 1646 2272; x_wconf 84' lang='lat' dir='ltr'><strong>Ecclesia,</strong></span> <span class='ocrx_word' id='word_1_206' title='bbox 1676 2199 1712 2258; x_wconf 89' lang='lat' dir='ltr'><strong>et</strong></span> <span class='ocrx_word' id='word_1_207' title='bbox 1736 2189 1921 2260; x_wconf 85' lang='lat' dir='ltr'><strong>docentem</strong></span> <span class='ocrx_word' id='word_1_208' title='bbox 1944 2194 2141 2284; x_wconf 86' lang='lat' dir='ltr'><strong>audiamus,</strong></span> 
     </span>
     <span class='ocr_line' id='line_1_21' title="bbox 101 2279 2140 2380; baseline -0.002 -9"><span class='ocrx_word' id='word_1_209' title='bbox 101 2301 308 2372; x_wconf 82' lang='lat' dir='ltr'><strong>recitatam:</strong></span> <span class='ocrx_word' id='word_1_210' title='bbox 334 2287 450 2362; x_wconf 80' lang='lat' dir='ltr'><strong>Credo</strong></span> <span class='ocrx_word' id='word_1_211' title='bbox 469 2308 543 2356; x_wconf 67' lang='lat' dir='ltr'><strong>esse</strong></span> <span class='ocrx_word' id='word_1_212' title='bbox 558 2281 752 2354; x_wconf 68' lang='lat' dir='ltr'><strong>Ecclesiam</strong></span> <span class='ocrx_word' id='word_1_213' title='bbox 775 2296 932 2352; x_wconf 64' lang='lat' dir='ltr'><strong>melam</strong></span> <span class='ocrx_word' id='word_1_214' title='bbox 950 2279 1102 2355; x_wconf 80' lang='lat' dir='ltr'><strong>catholi·</strong></span> <span class='ocrx_word' id='word_1_215' title='bbox 1152 2300 1186 2357; x_wconf 89' lang='lat' dir='ltr'><strong>et</strong></span> <span class='ocrx_word' id='word_1_216' title='bbox 1201 2286 1482 2371; x_wconf 88' lang='lat' dir='ltr'><strong>consideremus,</strong></span> <span class='ocrx_word' id='word_1_217' title='bbox 1505 2309 1659 2380; x_wconf 89' lang='lat' dir='ltr'><strong>quorum</strong></span> <span class='ocrx_word' id='word_1_218' title='bbox 1676 2287 1921 2380; x_wconf 84' lang='lat' dir='ltr'><strong>interpretatio</strong></span> <span class='ocrx_word' id='word_1_219' title='bbox 1935 2295 2061 2366; x_wconf 89' lang='lat' dir='ltr'><strong>reddat</strong></span> <span class='ocrx_word' id='word_1_220' title='bbox 2075 2319 2140 2367; x_wconf 92' lang='lat' dir='ltr'><strong>na-</strong></span> 
     </span>
     <span class='ocr_line' id='line_1_22' title="bbox 101 2385 2139 2488; baseline 0.002 -22"><span class='ocrx_word' id='word_1_221' title='bbox 101 2425 205 2486; x_wconf 70' lang='lat' dir='ltr'><strong>cam,</strong></span> <span class='ocrx_word' id='word_1_222' title='bbox 231 2391 304 2466; x_wconf 90' lang='lat' dir='ltr'><strong>hoc</strong></span> <span class='ocrx_word' id='word_1_223' title='bbox 320 2405 389 2477; x_wconf 91' lang='lat' dir='ltr'><strong>est,</strong></span> <span class='ocrx_word' id='word_1_224' title='bbox 415 2387 552 2460; x_wconf 91' lang='lat' dir='ltr'><strong>etiamsi</strong></span> <span class='ocrx_word' id='word_1_225' title='bbox 567 2385 700 2454; x_wconf 87' lang='lat' dir='ltr'><strong>multae</strong></span> <span class='ocrx_word' id='word_1_226' title='bbox 713 2397 832 2475; x_wconf 82' lang='lat' dir='ltr'><strong>gentes</strong></span> <span class='ocrx_word' id='word_1_227' title='bbox 847 2385 1003 2456; x_wconf 87' lang='lat' dir='ltr'><strong>abiectae</strong></span> <span class='ocrx_word' id='word_1_228' title='bbox 1017 2397 1100 2454; x_wconf 93' lang='lat' dir='ltr'><strong>sunt</strong></span> <span class='ocrx_word' id='word_1_229' title='bbox 1152 2388 1262 2458; x_wconf 87' lang='lat' dir='ltr'><strong>tivam</strong></span> <span class='ocrx_word' id='word_1_230' title='bbox 1282 2389 1495 2458; x_wconf 89' lang='lat' dir='ltr'><strong>seutentiam</strong></span> <span class='ocrx_word' id='word_1_231' title='bbox 1518 2387 1691 2458; x_wconf 88' lang='lat' dir='ltr'><strong>sermonis</strong></span> <span class='ocrx_word' id='word_1_232' title='bbox 1707 2385 1911 2482; x_wconf 87' lang='lat' dir='ltr'><strong>Prophetici</strong></span> <span class='ocrx_word' id='word_1_233' title='bbox 1933 2408 1968 2466; x_wconf 91' lang='lat' dir='ltr'><strong>et</strong></span> <span class='ocrx_word' id='word_1_234' title='bbox 1983 2393 2139 2488; x_wconf 85' lang='lat' dir='ltr'><strong>Aposto-</strong></span> 
     </span>
     <span class='ocr_line' id='line_1_23' title="bbox 100 2485 2139 2586; baseline -0.003 -9"><span class='ocrx_word' id='word_1_235' title='bbox 100 2501 243 2586; x_wconf 86' lang='lat' dir='ltr'><strong>aDeo,</strong></span> <span class='ocrx_word' id='word_1_236' title='bbox 270 2511 304 2567; x_wconf 92' lang='lat' dir='ltr'><strong>et</strong></span> <span class='ocrx_word' id='word_1_237' title='bbox 320 2507 457 2567; x_wconf 90' lang='lat' dir='ltr'><strong>tautum</strong></span> <span class='ocrx_word' id='word_1_238' title='bbox 473 2491 518 2562; x_wconf 91' lang='lat' dir='ltr'><strong>ad</strong></span> <span class='ocrx_word' id='word_1_239' title='bbox 534 2503 715 2560; x_wconf 89' lang='lat' dir='ltr'><strong>aeternum</strong></span> <span class='ocrx_word' id='word_1_240' title='bbox 733 2486 879 2557; x_wconf 80' lang='lat' dir='ltr'><strong>exitium</strong></span> <span class='ocrx_word' id='word_1_241' title='bbox 893 2501 1100 2574; x_wconf 90' lang='lat' dir='ltr'><strong>nascuntur,</strong></span> <span class='ocrx_word' id='word_1_242' title='bbox 1151 2489 1224 2563; x_wconf 88' lang='lat' dir='ltr'><strong>lici.</strong></span> <span class='ocrx_word' id='word_1_243' title='bbox 1273 2485 1327 2560; x_wconf 91' lang='lat' dir='ltr'><strong>Ae</strong></span> <span class='ocrx_word' id='word_1_244' title='bbox 1343 2491 1388 2560; x_wconf 90' lang='lat' dir='ltr'><strong>de</strong></span> <span class='ocrx_word' id='word_1_245' title='bbox 1403 2489 1525 2561; x_wconf 89' lang='lat' dir='ltr'><strong>multis</strong></span> <span class='ocrx_word' id='word_1_246' title='bbox 1540 2485 1812 2583; x_wconf 85' lang='lat' dir='ltr'><strong>rebusCatalogi</strong></span> <span class='ocrx_word' id='word_1_247' title='bbox 1830 2491 1884 2562; x_wconf 91' lang='lat' dir='ltr'><strong>illi</strong></span> <span class='ocrx_word' id='word_1_248' title='bbox 1901 2518 1967 2566; x_wconf 89' lang='lat' dir='ltr'><strong>uos</strong></span> <span class='ocrx_word' id='word_1_249' title='bbox 1979 2513 2139 2572; x_wconf 88' lang='lat' dir='ltr'><strong>moneat.</strong></span> 
     </span>
     <span class='ocr_line' id='line_1_24' title="bbox 101 2585 2140 2702; baseline -0.001 -26"><span class='ocrx_word' id='word_1_250' title='bbox 101 2629 199 2702; x_wconf 87' lang='lat' dir='ltr'><strong>quae</strong></span> <span class='ocrx_word' id='word_1_251' title='bbox 224 2597 392 2670; x_wconf 87' lang='lat' dir='ltr'><strong>videlicet</strong></span> <span class='ocrx_word' id='word_1_252' title='bbox 416 2607 500 2663; x_wconf 89' lang='lat' dir='ltr'><strong>suot</strong></span> <span class='ocrx_word' id='word_1_253' title='bbox 518 2593 661 2680; x_wconf 82' lang='lat' dir='ltr'><strong>ignarae</strong></span> <span class='ocrx_word' id='word_1_254' title='bbox 675 2585 885 2678; x_wconf 87' lang='lat' dir='ltr'><strong>Evangelii,</strong></span> <span class='ocrx_word' id='word_1_255' title='bbox 911 2603 952 2662; x_wconf 90' lang='lat' dir='ltr'><strong>ut</strong></span> <span class='ocrx_word' id='word_1_256' title='bbox 966 2585 1099 2660; x_wconf 88' lang='lat' dir='ltr'><strong>Ethai·</strong></span> <span class='ocrx_word' id='word_1_257' title='bbox 1151 2586 1370 2663; x_wconf 90' lang='lat' dir='ltr'><strong>Cohorresco</strong></span> <span class='ocrx_word' id='word_1_258' title='bbox 1397 2605 1472 2663; x_wconf 90' lang='lat' dir='ltr'><strong>toto</strong></span> <span class='ocrx_word' id='word_1_259' title='bbox 1499 2615 1663 2684; x_wconf 88' lang='lat' dir='ltr'><strong>corpore,</strong></span> <span class='ocrx_word' id='word_1_260' title='bbox 1696 2616 1776 2662; x_wconf 90' lang='lat' dir='ltr'><strong>cuni</strong></span> <span class='ocrx_word' id='word_1_261' title='bbox 1811 2593 1906 2685; x_wconf 90' lang='lat' dir='ltr'><strong>lego,</strong></span> <span class='ocrx_word' id='word_1_262' title='bbox 1937 2597 2140 2673; x_wconf 90' lang='lat' dir='ltr'><strong>viventibus</strong></span> 
     </span>
     <span class='ocr_line' id='line_1_25' title="bbox 102 2685 2138 2794; baseline -0.002 -16"><span class='ocrx_word' id='word_1_263' title='bbox 102 2711 153 2794; x_wconf 89' lang='lat' dir='ltr'><strong>ei,</strong></span> <span class='ocrx_word' id='word_1_264' title='bbox 193 2697 451 2778; x_wconf 87' lang='lat' dir='ltr'><strong>Mahometici,</strong></span> <span class='ocrx_word' id='word_1_265' title='bbox 481 2693 599 2766; x_wconf 88' lang='lat' dir='ltr'><strong>etalii</strong></span> <span class='ocrx_word' id='word_1_266' title='bbox 625 2685 743 2760; x_wconf 88' lang='lat' dir='ltr'><strong>hostes</strong></span> <span class='ocrx_word' id='word_1_267' title='bbox 767 2689 835 2759; x_wconf 86' lang='lat' dir='ltr'><strong>filii</strong></span> <span class='ocrx_word' id='word_1_268' title='bbox 851 2687 938 2778; x_wconf 91' lang='lat' dir='ltr'><strong>Dei,</strong></span> <span class='ocrx_word' id='word_1_269' title='bbox 971 2691 1099 2784; x_wconf 85' lang='lat' dir='ltr'><strong>impiae</strong></span> <span class='ocrx_word' id='word_1_270' title='bbox 1151 2687 1269 2764; x_wconf 86' lang='lat' dir='ltr'><strong>adhue</strong></span> <span class='ocrx_word' id='word_1_271' title='bbox 1290 2687 1632 2786; x_wconf 78' lang='lat' dir='ltr'><strong>Apostolistantum</strong></span> <span class='ocrx_word' id='word_1_272' title='bbox 1657 2693 1765 2764; x_wconf 90' lang='lat' dir='ltr'><strong>fuisse</strong></span> <span class='ocrx_word' id='word_1_273' title='bbox 1786 2694 2021 2769; x_wconf 79' lang='lat' dir='ltr'><strong>lunaticorum</strong></span> <span class='ocrx_word' id='word_1_274' title='bbox 2039 2723 2138 2774; x_wconf 89' lang='lat' dir='ltr'><strong>erro-</strong></span> 
     </span>
     <span class='ocr_line' id='line_1_26' title="bbox 103 2791 2139 2889; baseline -0.003 -7"><span class='ocrx_word' id='word_1_275' title='bbox 103 2809 328 2882; x_wconf 90' lang='lat' dir='ltr'><strong>ludaeornm</strong></span> <span class='ocrx_word' id='word_1_276' title='bbox 351 2801 462 2883; x_wconf 88' lang='lat' dir='ltr'><strong>seces,</strong></span> <span class='ocrx_word' id='word_1_277' title='bbox 493 2791 661 2888; x_wconf 88' lang='lat' dir='ltr'><strong>Papistici</strong></span> <span class='ocrx_word' id='word_1_278' title='bbox 685 2791 864 2862; x_wconf 87' lang='lat' dir='ltr'><strong>idolomm</strong></span> <span class='ocrx_word' id='word_1_279' title='bbox 887 2794 1040 2865; x_wconf 89' lang='lat' dir='ltr'><strong>cultores</strong></span> <span class='ocrx_word' id='word_1_280' title='bbox 1066 2807 1100 2863; x_wconf 88' lang='lat' dir='ltr'><strong>et</strong></span> <span class='ocrx_word' id='word_1_281' title='bbox 1151 2819 1259 2876; x_wconf 90' lang='lat' dir='ltr'><strong>uum,</strong></span> <span class='ocrx_word' id='word_1_282' title='bbox 1284 2796 1345 2889; x_wconf 92' lang='lat' dir='ltr'><strong>qui</strong></span> <span class='ocrx_word' id='word_1_283' title='bbox 1362 2795 1545 2866; x_wconf 89' lang='lat' dir='ltr'><strong>doctrinae</strong></span> <span class='ocrx_word' id='word_1_284' title='bbox 1559 2797 1778 2888; x_wconf 85' lang='lat' dir='ltr'><strong>corruptelas</strong></span> <span class='ocrx_word' id='word_1_285' title='bbox 1791 2799 2030 2888; x_wconf 83' lang='lat' dir='ltr'><strong>tradidemnt3</strong></span> <span class='ocrx_word' id='word_1_286' title='bbox 2058 2829 2139 2874; x_wconf 85' lang='lat' dir='ltr'><strong>mox</strong></span> 
     </span>
     <span class='ocr_line' id='line_1_27' title="bbox 105 2889 2140 2989; baseline -0.005 -4"><span class='ocrx_word' id='word_1_287' title='bbox 105 2912 189 2986; x_wconf 90' lang='lat' dir='ltr'><strong>alii:</strong></span> <span class='ocrx_word' id='word_1_288' title='bbox 227 2921 350 2979; x_wconf 88' lang='lat' dir='ltr'><strong>tamen</strong></span> <span class='ocrx_word' id='word_1_289' title='bbox 370 2925 445 2972; x_wconf 90' lang='lat' dir='ltr'><strong>non</strong></span> <span class='ocrx_word' id='word_1_290' title='bbox 469 2909 583 2969; x_wconf 91' lang='lat' dir='ltr'><strong>totum</strong></span> <span class='ocrx_word' id='word_1_291' title='bbox 608 2917 718 2985; x_wconf 88' lang='lat' dir='ltr'><strong>genus</strong></span> <span class='ocrx_word' id='word_1_292' title='bbox 738 2889 937 2965; x_wconf 87' lang='lat' dir='ltr'><strong>humanum</strong></span> <span class='ocrx_word' id='word_1_293' title='bbox 961 2894 1099 2967; x_wconf 82' lang='lat' dir='ltr'><strong>tablum</strong></span> <span class='ocrx_word' id='word_1_294' title='bbox 1151 2921 1236 2967; x_wconf 88' lang='lat' dir='ltr'><strong>vero</strong></span> <span class='ocrx_word' id='word_1_295' title='bbox 1270 2911 1350 2988; x_wconf 90' lang='lat' dir='ltr'><strong>post</strong></span> <span class='ocrx_word' id='word_1_296' title='bbox 1380 2893 1573 2989; x_wconf 85' lang='lat' dir='ltr'><strong>Apostolos</strong></span> <span class='ocrx_word' id='word_1_297' title='bbox 1605 2911 1746 2967; x_wconf 82' lang='lat' dir='ltr'><strong>exortos</strong></span> <span class='ocrx_word' id='word_1_298' title='bbox 1782 2921 1856 2969; x_wconf 89' lang='lat' dir='ltr'><strong>esse</strong></span> <span class='ocrx_word' id='word_1_299' title='bbox 1888 2903 2140 2976; x_wconf 86' lang='lat' dir='ltr'><strong>audacissimos</strong></span> 
     </span>
     <span class='ocr_line' id='line_1_28' title="bbox 107 2994 2138 3092; baseline -0.005 -3"><span class='ocrx_word' id='word_1_300' title='bbox 107 3017 152 3088; x_wconf 88' lang='lat' dir='ltr'><strong>ad</strong></span> <span class='ocrx_word' id='word_1_301' title='bbox 189 3023 377 3084; x_wconf 86' lang='lat' dir='ltr'><strong>aeternum</strong></span> <span class='ocrx_word' id='word_1_302' title='bbox 406 2999 554 3072; x_wconf 85' lang='lat' dir='ltr'><strong>exitium</strong></span> <span class='ocrx_word' id='word_1_303' title='bbox 576 2997 751 3081; x_wconf 90' lang='lat' dir='ltr'><strong>nascitur,</strong></span> <span class='ocrx_word' id='word_1_304' title='bbox 780 2997 841 3066; x_wconf 92' lang='lat' dir='ltr'><strong>sed</strong></span> <span class='ocrx_word' id='word_1_305' title='bbox 868 3009 1004 3068; x_wconf 90' lang='lat' dir='ltr'><strong>certum</strong></span> <span class='ocrx_word' id='word_1_306' title='bbox 1037 3009 1100 3078; x_wconf 88' lang='lat' dir='ltr'><strong>est,</strong></span> <span class='ocrx_word' id='word_1_307' title='bbox 1151 2999 1452 3091; x_wconf 79' lang='lat' dir='ltr'><strong>praestigiatores,</strong></span> <span class='ocrx_word' id='word_1_308' title='bbox 1477 2999 1539 3092; x_wconf 89' lang='lat' dir='ltr'><strong>qui</strong></span> <span class='ocrx_word' id='word_1_309' title='bbox 1566 2994 1794 3070; x_wconf 88' lang='lat' dir='ltr'><strong>horribilium</strong></span> <span class='ocrx_word' id='word_1_310' title='bbox 1818 3000 1981 3074; x_wconf 86' lang='lat' dir='ltr'><strong>summm</strong></span> <span class='ocrx_word' id='word_1_311' title='bbox 2004 3019 2038 3077; x_wconf 89' lang='lat' dir='ltr'><strong>et</strong></span> <span class='ocrx_word' id='word_1_312' title='bbox 2061 3019 2138 3078; x_wconf 91' lang='lat' dir='ltr'><strong>tur-</strong></span> 
     </span>
     <span class='ocr_line' id='line_1_29' title="bbox 108 3095 2138 3198; baseline -0.005 -9"><span class='ocrx_word' id='word_1_313' title='bbox 108 3117 202 3188; x_wconf 87' lang='lat' dir='ltr'><strong>velle</strong></span> <span class='ocrx_word' id='word_1_314' title='bbox 227 3123 415 3184; x_wconf 87' lang='lat' dir='ltr'><strong>aeteruum</strong></span> <span class='ocrx_word' id='word_1_315' title='bbox 440 3115 575 3198; x_wconf 91' lang='lat' dir='ltr'><strong>patrem</strong></span> <span class='ocrx_word' id='word_1_316' title='bbox 598 3095 830 3170; x_wconf 89' lang='lat' dir='ltr'><strong>hereditatem</strong></span> <span class='ocrx_word' id='word_1_317' title='bbox 852 3097 926 3170; x_wconf 88' lang='lat' dir='ltr'><strong>lilio</strong></span> <span class='ocrx_word' id='word_1_318' title='bbox 950 3121 1101 3184; x_wconf 87' lang='lat' dir='ltr'><strong>servare,</strong></span> <span class='ocrx_word' id='word_1_319' title='bbox 1152 3101 1359 3195; x_wconf 92' lang='lat' dir='ltr'><strong>pitudinum</strong></span> <span class='ocrx_word' id='word_1_320' title='bbox 1374 3115 1535 3172; x_wconf 88' lang='lat' dir='ltr'><strong>auctores</strong></span> <span class='ocrx_word' id='word_1_321' title='bbox 1553 3102 1709 3176; x_wconf 86' lang='lat' dir='ltr'><strong>fuerunt.</strong></span> <span class='ocrx_word' id='word_1_322' title='bbox 1751 3099 1860 3174; x_wconf 91' lang='lat' dir='ltr'><strong>Miilti</strong></span> <span class='ocrx_word' id='word_1_323' title='bbox 1876 3127 1957 3176; x_wconf 90' lang='lat' dir='ltr'><strong>cum</strong></span> <span class='ocrx_word' id='word_1_324' title='bbox 1973 3107 2138 3198; x_wconf 87' lang='lat' dir='ltr'><strong>coniugia</strong></span> 
     </span>
     <span class='ocr_line' id='line_1_30' title="bbox 113 3198 2137 3301; baseline -0.004 -11"><span class='ocrx_word' id='word_1_325' title='bbox 113 3243 186 3290; x_wconf 85' lang='lat' dir='ltr'><strong>eam</strong></span> <span class='ocrx_word' id='word_1_326' title='bbox 200 3213 371 3286; x_wconf 83' lang='lat' dir='ltr'><strong>videlicet</strong></span> <span class='ocrx_word' id='word_1_327' title='bbox 386 3219 540 3301; x_wconf 88' lang='lat' dir='ltr'><strong>partem,</strong></span> <span class='ocrx_word' id='word_1_328' title='bbox 566 3204 605 3272; x_wconf 92' lang='lat' dir='ltr'><strong>iii</strong></span> <span class='ocrx_word' id='word_1_329' title='bbox 621 3225 691 3296; x_wconf 90' lang='lat' dir='ltr'><strong>qua</strong></span> <span class='ocrx_word' id='word_1_330' title='bbox 708 3213 810 3272; x_wconf 87' lang='lat' dir='ltr'><strong>sonat</strong></span> <span class='ocrx_word' id='word_1_331' title='bbox 832 3201 969 3293; x_wconf 85' lang='lat' dir='ltr'><strong>integra</strong></span> <span class='ocrx_word' id='word_1_332' title='bbox 992 3215 1027 3274; x_wconf 88' lang='lat' dir='ltr'><strong>et</strong></span> <span class='ocrx_word' id='word_1_333' title='bbox 1043 3201 1102 3270; x_wconf 92' lang='lat' dir='ltr'><strong>iu·</strong></span> <span class='ocrx_word' id='word_1_334' title='bbox 1152 3198 1405 3298; x_wconf 88' lang='lat' dir='ltr'><strong>prohiberent,</strong></span> <span class='ocrx_word' id='word_1_335' title='bbox 1427 3215 1534 3276; x_wconf 89' lang='lat' dir='ltr'><strong>tetras</strong></span> <span class='ocrx_word' id='word_1_336' title='bbox 1547 3203 1771 3274; x_wconf 88' lang='lat' dir='ltr'><strong>confusiones</strong></span> <span class='ocrx_word' id='word_1_337' title='bbox 1786 3204 1978 3277; x_wconf 89' lang='lat' dir='ltr'><strong>libidinum</strong></span> <span class='ocrx_word' id='word_1_338' title='bbox 1994 3233 2137 3281; x_wconf 86' lang='lat' dir='ltr'><strong>conces-</strong></span> 
     </span>
     <span class='ocr_line' id='line_1_31' title="bbox 120 3302 2139 3412; baseline -0.004 -21"><span class='ocrx_word' id='word_1_339' title='bbox 120 3329 281 3412; x_wconf 85' lang='lat' dir='ltr'><strong>oorrupta</strong></span> <span class='ocrx_word' id='word_1_340' title='bbox 298 3335 368 3384; x_wconf 88' lang='lat' dir='ltr'><strong>vox</strong></span> <span class='ocrx_word' id='word_1_341' title='bbox 381 3305 588 3398; x_wconf 89' lang='lat' dir='ltr'><strong>Evangelii,</strong></span> <span class='ocrx_word' id='word_1_342' title='bbox 614 3303 819 3376; x_wconf 84' lang='lat' dir='ltr'><strong>confirmata</strong></span> <span class='ocrx_word' id='word_1_343' title='bbox 834 3302 1034 3376; x_wconf 89' lang='lat' dir='ltr'><strong>illustribus</strong></span> <span class='ocrx_word' id='word_1_344' title='bbox 1047 3317 1097 3376; x_wconf 89' lang='lat' dir='ltr'><strong>te-</strong></span> <span class='ocrx_word' id='word_1_345' title='bbox 1153 3317 1289 3380; x_wconf 79' lang='lat' dir='ltr'><strong>semul.</strong></span> <span class='ocrx_word' id='word_1_346' title='bbox 1338 3303 1435 3377; x_wconf 88' lang='lat' dir='ltr'><strong>Haec</strong></span> <span class='ocrx_word' id='word_1_347' title='bbox 1446 3305 1560 3377; x_wconf 88' lang='lat' dir='ltr'><strong>tristia</strong></span> <span class='ocrx_word' id='word_1_348' title='bbox 1574 3306 1731 3396; x_wconf 85' lang='lat' dir='ltr'><strong>exempla</strong></span> <span class='ocrx_word' id='word_1_349' title='bbox 1751 3305 1949 3396; x_wconf 82' lang='lat' dir='ltr'><strong>significant</strong></span> <span class='ocrx_word' id='word_1_350' title='bbox 1966 3306 2139 3382; x_wconf 90' lang='lat' dir='ltr'><strong>Diabolu-</strong></span> 
     </span>
     <span class='ocr_line' id='line_1_32' title="bbox 125 3403 2139 3500; baseline -0.005 -8"><span class='ocrx_word' id='word_1_351' title='bbox 125 3419 291 3492; x_wconf 85' lang='lat' dir='ltr'><strong>stiuiouiis</strong></span> <span class='ocrx_word' id='word_1_352' title='bbox 319 3438 339 3486; x_wconf 93' lang='lat' dir='ltr'><strong>a</strong></span> <span class='ocrx_word' id='word_1_353' title='bbox 370 3411 466 3497; x_wconf 89' lang='lat' dir='ltr'><strong>Deo,</strong></span> <span class='ocrx_word' id='word_1_354' title='bbox 515 3403 782 3478; x_wconf 83' lang='lat' dir='ltr'><strong>resuscitatione</strong></span> <span class='ocrx_word' id='word_1_355' title='bbox 815 3417 1037 3477; x_wconf 88' lang='lat' dir='ltr'><strong>mortuorum</strong></span> <span class='ocrx_word' id='word_1_356' title='bbox 1068 3417 1104 3478; x_wconf 93' lang='lat' dir='ltr'><strong>et</strong></span> <span class='ocrx_word' id='word_1_357' title='bbox 1153 3431 1235 3478; x_wconf 87' lang='lat' dir='ltr'><strong>rum</strong></span> <span class='ocrx_word' id='word_1_358' title='bbox 1250 3407 1352 3494; x_wconf 90' lang='lat' dir='ltr'><strong>odia,</strong></span> <span class='ocrx_word' id='word_1_359' title='bbox 1377 3406 1524 3478; x_wconf 86' lang='lat' dir='ltr'><strong>insidias</strong></span> <span class='ocrx_word' id='word_1_360' title='bbox 1540 3418 1575 3478; x_wconf 92' lang='lat' dir='ltr'><strong>et</strong></span> <span class='ocrx_word' id='word_1_361' title='bbox 1591 3408 1911 3480; x_wconf 83' lang='lat' dir='ltr'><strong>furoresadversus</strong></span> <span class='ocrx_word' id='word_1_362' title='bbox 1928 3411 2040 3484; x_wconf 86' lang='lat' dir='ltr'><strong>filiuni</strong></span> <span class='ocrx_word' id='word_1_363' title='bbox 2059 3411 2139 3500; x_wconf 89' lang='lat' dir='ltr'><strong>Dei,</strong></span> 
     </span>
     <span class='ocr_line' id='line_1_33' title="bbox 127 3505 2138 3604; baseline -0.003 -11"><span class='ocrx_word' id='word_1_364' title='bbox 127 3521 214 3596; x_wconf 88' lang='lat' dir='ltr'><strong>aliis.</strong></span> <span class='ocrx_word' id='word_1_365' title='bbox 255 3517 300 3590; x_wconf 92' lang='lat' dir='ltr'><strong>lu</strong></span> <span class='ocrx_word' id='word_1_366' title='bbox 321 3513 392 3588; x_wconf 90' lang='lat' dir='ltr'><strong>hoc</strong></span> <span class='ocrx_word' id='word_1_367' title='bbox 411 3524 532 3596; x_wconf 87' lang='lat' dir='ltr'><strong>coetu,</strong></span> <span class='ocrx_word' id='word_1_368' title='bbox 558 3507 621 3604; x_wconf 90' lang='lat' dir='ltr'><strong>qui</strong></span> <span class='ocrx_word' id='word_1_369' title='bbox 642 3519 676 3576; x_wconf 90' lang='lat' dir='ltr'><strong>et</strong></span> <span class='ocrx_word' id='word_1_370' title='bbox 690 3505 804 3578; x_wconf 89' lang='lat' dir='ltr'><strong>oculis</strong></span> <span class='ocrx_word' id='word_1_371' title='bbox 816 3520 851 3578; x_wconf 89' lang='lat' dir='ltr'><strong>et</strong></span> <span class='ocrx_word' id='word_1_372' title='bbox 865 3507 1014 3580; x_wconf 90' lang='lat' dir='ltr'><strong>auribus</strong></span> <span class='ocrx_word' id='word_1_373' title='bbox 1028 3509 1102 3580; x_wconf 85' lang='lat' dir='ltr'><strong>dis-</strong></span> <span class='ocrx_word' id='word_1_374' title='bbox 1154 3523 1190 3582; x_wconf 89' lang='lat' dir='ltr'><strong>et</strong></span> <span class='ocrx_word' id='word_1_375' title='bbox 1204 3521 1370 3596; x_wconf 90' lang='lat' dir='ltr'><strong>monent,</strong></span> <span class='ocrx_word' id='word_1_376' title='bbox 1392 3524 1433 3583; x_wconf 92' lang='lat' dir='ltr'><strong>ut</strong></span> <span class='ocrx_word' id='word_1_377' title='bbox 1447 3523 1481 3580; x_wconf 91' lang='lat' dir='ltr'><strong>et</strong></span> <span class='ocrx_word' id='word_1_378' title='bbox 1495 3509 1677 3581; x_wconf 84' lang='lat' dir='ltr'><strong>doctrinae</strong></span> <span class='ocrx_word' id='word_1_379' title='bbox 1693 3509 1808 3579; x_wconf 86' lang='lat' dir='ltr'><strong>fontes</strong></span> <span class='ocrx_word' id='word_1_380' title='bbox 1824 3533 1949 3600; x_wconf 85' lang='lat' dir='ltr'><strong>magna</strong></span> <span class='ocrx_word' id='word_1_381' title='bbox 1973 3537 2058 3584; x_wconf 89' lang='lat' dir='ltr'><strong>cura</strong></span> <span class='ocrx_word' id='word_1_382' title='bbox 2082 3517 2138 3586; x_wconf 92' lang='lat' dir='ltr'><strong>di-</strong></span> 
     </span>
     <span class='ocr_line' id='line_1_34' title="bbox 121 3605 2138 3716; baseline -0.004 -22"><span class='ocrx_word' id='word_1_383' title='bbox 121 3621 216 3697; x_wconf 85' lang='lat' dir='ltr'><strong>cerni</strong></span> <span class='ocrx_word' id='word_1_384' title='bbox 247 3632 364 3716; x_wconf 89' lang='lat' dir='ltr'><strong>potest</strong></span> <span class='ocrx_word' id='word_1_385' title='bbox 393 3615 439 3686; x_wconf 87' lang='lat' dir='ltr'><strong>ab</strong></span> <span class='ocrx_word' id='word_1_386' title='bbox 470 3611 551 3683; x_wconf 87' lang='lat' dir='ltr'><strong>aliis</strong></span> <span class='ocrx_word' id='word_1_387' title='bbox 583 3608 765 3700; x_wconf 89' lang='lat' dir='ltr'><strong>gentibus,</strong></span> <span class='ocrx_word' id='word_1_388' title='bbox 811 3619 908 3680; x_wconf 90' lang='lat' dir='ltr'><strong>certo</strong></span> <span class='ocrx_word' id='word_1_389' title='bbox 941 3611 1103 3694; x_wconf 85' lang='lat' dir='ltr'><strong>sciamus,</strong></span> <span class='ocrx_word' id='word_1_390' title='bbox 1155 3633 1308 3692; x_wconf 85' lang='lat' dir='ltr'><strong>scamus,</strong></span> <span class='ocrx_word' id='word_1_391' title='bbox 1331 3624 1366 3684; x_wconf 88' lang='lat' dir='ltr'><strong>et</strong></span> <span class='ocrx_word' id='word_1_392' title='bbox 1390 3605 1617 3702; x_wconf 87' lang='lat' dir='ltr'><strong>Sophistieeu</strong></span> <span class='ocrx_word' id='word_1_393' title='bbox 1644 3611 1837 3701; x_wconf 73' lang='lat' dir='ltr'><strong>frigimus,</strong></span> <span class='ocrx_word' id='word_1_394' title='bbox 1868 3625 1902 3682; x_wconf 89' lang='lat' dir='ltr'><strong>et</strong></span> <span class='ocrx_word' id='word_1_395' title='bbox 1924 3615 2073 3683; x_wconf 84' lang='lat' dir='ltr'><strong>assiduis</strong></span> <span class='ocrx_word' id='word_1_396' title='bbox 2097 3639 2138 3687; x_wconf 89' lang='lat' dir='ltr'><strong>ac</strong></span> 
     </span>
     <span class='ocr_line' id='line_1_35' title="bbox 116 3708 2138 3802; baseline -0.007 -2"><span class='ocrx_word' id='word_1_397' title='bbox 116 3747 239 3800; x_wconf 87' lang='lat' dir='ltr'><strong>omues</strong></span> <span class='ocrx_word' id='word_1_398' title='bbox 260 3735 356 3794; x_wconf 87' lang='lat' dir='ltr'><strong>recte</strong></span> <span class='ocrx_word' id='word_1_399' title='bbox 380 3719 586 3790; x_wconf 90' lang='lat' dir='ltr'><strong>invocantes</strong></span> <span class='ocrx_word' id='word_1_400' title='bbox 611 3709 729 3782; x_wconf 89' lang='lat' dir='ltr'><strong>Deum</strong></span> <span class='ocrx_word' id='word_1_401' title='bbox 753 3710 913 3780; x_wconf 87' lang='lat' dir='ltr'><strong>exaudiri</strong></span> <span class='ocrx_word' id='word_1_402' title='bbox 920 3764 931 3796; x_wconf 94' lang='lat'><strong>,</strong></span> <span class='ocrx_word' id='word_1_403' title='bbox 956 3709 1103 3796; x_wconf 88' lang='lat' dir='ltr'><strong>servari,</strong></span> <span class='ocrx_word' id='word_1_404' title='bbox 1155 3711 1362 3783; x_wconf 86' lang='lat' dir='ltr'><strong>ardentibus</strong></span> <span class='ocrx_word' id='word_1_405' title='bbox 1378 3713 1470 3783; x_wconf 89' lang='lat' dir='ltr'><strong>votis</strong></span> <span class='ocrx_word' id='word_1_406' title='bbox 1485 3735 1505 3781; x_wconf 91' lang='lat' dir='ltr'><strong>a</strong></span> <span class='ocrx_word' id='word_1_407' title='bbox 1521 3708 1597 3780; x_wconf 90' lang='lat' dir='ltr'><strong>Deo</strong></span> <span class='ocrx_word' id='word_1_408' title='bbox 1616 3725 1795 3802; x_wconf 89' lang='lat' dir='ltr'><strong>petamus,</strong></span> <span class='ocrx_word' id='word_1_409' title='bbox 1818 3725 1858 3782; x_wconf 91' lang='lat' dir='ltr'><strong>ut</strong></span> <span class='ocrx_word' id='word_1_410' title='bbox 1877 3735 1942 3782; x_wconf 89' lang='lat' dir='ltr'><strong>uus</strong></span> <span class='ocrx_word' id='word_1_411' title='bbox 1957 3715 2080 3786; x_wconf 89' lang='lat' dir='ltr'><strong>doceat</strong></span> <span class='ocrx_word' id='word_1_412' title='bbox 2103 3733 2138 3788; x_wconf 89' lang='lat' dir='ltr'><strong>et</strong></span> 
     </span>
     <span class='ocr_line' id='line_1_36' title="bbox 111 3786 2186 3924; baseline -0.006 -22"><span class='ocrx_word' id='word_1_413' title='bbox 111 3827 255 3924; x_wconf 88' lang='lat' dir='ltr'><strong>protegi</strong></span> <span class='ocrx_word' id='word_1_414' title='bbox 269 3837 304 3896; x_wconf 89' lang='lat' dir='ltr'><strong>et</strong></span> <span class='ocrx_word' id='word_1_415' title='bbox 319 3813 509 3914; x_wconf 80' lang='lat' dir='ltr'><strong>gubernari</strong></span> <span class='ocrx_word' id='word_1_416' title='bbox 526 3816 572 3887; x_wconf 86' lang='lat' dir='ltr'><strong>ab</strong></span> <span class='ocrx_word' id='word_1_417' title='bbox 586 3837 640 3889; x_wconf 87' lang='lat' dir='ltr'><strong>eo.</strong></span> <span class='ocrx_word' id='word_1_418' title='bbox 692 3809 735 3882; x_wconf 91' lang='lat' dir='ltr'><strong>lii</strong></span> <span class='ocrx_word' id='word_1_419' title='bbox 755 3806 853 3883; x_wconf 88' lang='lat' dir='ltr'><strong>hunc</strong></span> <span class='ocrx_word' id='word_1_420' title='bbox 868 3825 1008 3884; x_wconf 90' lang='lat' dir='ltr'><strong>coetum</strong></span> <span class='ocrx_word' id='word_1_421' title='bbox 1023 3837 1103 3884; x_wconf 92' lang='lat' dir='ltr'><strong>cum</strong></span> <span class='ocrx_word' id='word_1_422' title='bbox 1154 3786 1348 3904; x_wconf 65' lang='lat' dir='ltr'><strong>gnblmet,</strong></span> <span class='ocrx_word' id='word_1_423' title='bbox 1377 3812 1468 3884; x_wconf 84' lang='lat' dir='ltr'><strong>sicut</strong></span> <span class='ocrx_word' id='word_1_424' title='bbox 1486 3807 1664 3904; x_wconf 85' lang='lat' dir='ltr'><strong>Propheta</strong></span> <span class='ocrx_word' id='word_1_425' title='bbox 1686 3811 1790 3904; x_wconf 90' lang='lat' dir='ltr'><strong>petit:</strong></span> <span class='ocrx_word' id='word_1_426' title='bbox 1842 3811 1912 3884; x_wconf 82' lang='lat' dir='ltr'><strong>Fac</strong></span> <span class='ocrx_word' id='word_1_427' title='bbox 1933 3839 2014 3886; x_wconf 91' lang='lat' dir='ltr'><strong>cum</strong></span> <span class='ocrx_word' id='word_1_428' title='bbox 2037 3839 2139 3890; x_wconf 88' lang='lat' dir='ltr'><strong>servo</strong></span> <span class='ocrx_word' id='word_1_429' title='bbox 2180 3855 2186 3863; x_wconf 94' lang='lat'><strong>·</strong></span> 
     </span>
     <span class='ocr_line' id='line_1_37' title="bbox 108 3909 2140 4006; baseline -0.01 -6"><span class='ocrx_word' id='word_1_430' title='bbox 108 3929 212 4006; x_wconf 85' lang='lat' dir='ltr'><strong>Deus</strong></span> <span class='ocrx_word' id='word_1_431' title='bbox 226 3929 400 3998; x_wconf 89' lang='lat' dir='ltr'><strong>immensa</strong></span> <span class='ocrx_word' id='word_1_432' title='bbox 416 3919 576 3990; x_wconf 88' lang='lat' dir='ltr'><strong>bonitate</strong></span> <span class='ocrx_word' id='word_1_433' title='bbox 590 3937 656 3986; x_wconf 90' lang='lat' dir='ltr'><strong>nos</strong></span> <span class='ocrx_word' id='word_1_434' title='bbox 673 3913 917 4001; x_wconf 85' lang='lat' dir='ltr'><strong>collocaverit,</strong></span> <span class='ocrx_word' id='word_1_435' title='bbox 932 3914 1023 4006; x_wconf 84' lang='lat' dir='ltr'><strong>grati</strong></span> <span class='ocrx_word' id='word_1_436' title='bbox 1034 3909 1104 3984; x_wconf 91' lang='lat' dir='ltr'><strong>hoc</strong></span> <span class='ocrx_word' id='word_1_437' title='bbox 1155 3929 1218 3988; x_wconf 90' lang='lat' dir='ltr'><strong>tuo</strong></span> <span class='ocrx_word' id='word_1_438' title='bbox 1241 3915 1437 3986; x_wconf 89' lang='lat' dir='ltr'><strong>secuudum</strong></span> <span class='ocrx_word' id='word_1_439' title='bbox 1459 3913 1739 3985; x_wconf 84' lang='lat' dir='ltr'><strong>miscricordiam</strong></span> <span class='ocrx_word' id='word_1_440' title='bbox 1764 3927 1882 4000; x_wconf 92' lang='lat' dir='ltr'><strong>tuam,</strong></span> <span class='ocrx_word' id='word_1_441' title='bbox 1914 3929 1950 3990; x_wconf 91' lang='lat' dir='ltr'><strong>et</strong></span> <span class='ocrx_word' id='word_1_442' title='bbox 1972 3917 2140 3992; x_wconf 82' lang='lat' dir='ltr'><strong>iustifica.</strong></span> 
     </span>
     <span class='ocr_line' id='line_1_38' title="bbox 108 4015 2141 4110; baseline -0.005 -6"><span class='ocrx_word' id='word_1_443' title='bbox 108 4050 297 4108; x_wconf 85' lang='lat' dir='ltr'><strong>summum</strong></span> <span class='ocrx_word' id='word_1_444' title='bbox 318 4021 529 4097; x_wconf 87' lang='lat' dir='ltr'><strong>beneficium</strong></span> <span class='ocrx_word' id='word_1_445' title='bbox 556 4017 793 4098; x_wconf 89' lang='lat' dir='ltr'><strong>celebremus,</strong></span> <span class='ocrx_word' id='word_1_446' title='bbox 827 4029 863 4088; x_wconf 90' lang='lat' dir='ltr'><strong>et</strong></span> <span class='ocrx_word' id='word_1_447' title='bbox 883 4017 968 4088; x_wconf 90' lang='lat' dir='ltr'><strong>lacti</strong></span> <span class='ocrx_word' id='word_1_448' title='bbox 990 4039 1104 4110; x_wconf 91' lang='lat' dir='ltr'><strong>oppo-</strong></span> <span class='ocrx_word' id='word_1_449' title='bbox 1154 4019 1271 4092; x_wconf 90' lang='lat' dir='ltr'><strong>tiones</strong></span> <span class='ocrx_word' id='word_1_450' title='bbox 1286 4029 1365 4089; x_wconf 89' lang='lat' dir='ltr'><strong>tuas</strong></span> <span class='ocrx_word' id='word_1_451' title='bbox 1386 4018 1474 4088; x_wconf 90' lang='lat' dir='ltr'><strong>doce</strong></span> <span class='ocrx_word' id='word_1_452' title='bbox 1495 4039 1564 4088; x_wconf 88' lang='lat' dir='ltr'><strong>me.</strong></span> <span class='ocrx_word' id='word_1_453' title='bbox 1615 4015 1775 4109; x_wconf 87' lang='lat' dir='ltr'><strong>Utraque</strong></span> <span class='ocrx_word' id='word_1_454' title='bbox 1788 4039 1845 4087; x_wconf 86' lang='lat' dir='ltr'><strong>res</strong></span> <span class='ocrx_word' id='word_1_455' title='bbox 1860 4021 2054 4092; x_wconf 82' lang='lat' dir='ltr'><strong>necessaria</strong></span> <span class='ocrx_word' id='word_1_456' title='bbox 2078 4037 2141 4109; x_wconf 85' lang='lat' dir='ltr'><strong>est,</strong></span> 
     </span>
     <span class='ocr_line' id='line_1_39' title="bbox 104 4115 2140 4212; baseline -0.005 -7"><span class='ocrx_word' id='word_1_457' title='bbox 104 4155 244 4212; x_wconf 81' lang='lat' dir='ltr'><strong>namus</strong></span> <span class='ocrx_word' id='word_1_458' title='bbox 257 4125 352 4200; x_wconf 85' lang='lat' dir='ltr'><strong>hanc</strong></span> <span class='ocrx_word' id='word_1_459' title='bbox 364 4122 640 4196; x_wconf 90' lang='lat' dir='ltr'><strong>consolationem</strong></span> <span class='ocrx_word' id='word_1_460' title='bbox 654 4119 823 4190; x_wconf 88' lang='lat' dir='ltr'><strong>omnibus</strong></span> <span class='ocrx_word' id='word_1_461' title='bbox 835 4119 1105 4190; x_wconf 88' lang='lat' dir='ltr'><strong>confusionibus</strong></span> <span class='ocrx_word' id='word_1_462' title='bbox 1156 4143 1241 4192; x_wconf 90' lang='lat' dir='ltr'><strong>eura</strong></span> <span class='ocrx_word' id='word_1_463' title='bbox 1260 4133 1354 4191; x_wconf 89' lang='lat' dir='ltr'><strong>reete</strong></span> <span class='ocrx_word' id='word_1_464' title='bbox 1366 4118 1545 4204; x_wconf 90' lang='lat' dir='ltr'><strong>discendi,</strong></span> <span class='ocrx_word' id='word_1_465' title='bbox 1581 4117 1678 4188; x_wconf 85' lang='lat' dir='ltr'><strong>iuxta</strong></span> <span class='ocrx_word' id='word_1_466' title='bbox 1698 4117 1851 4190; x_wconf 89' lang='lat' dir='ltr'><strong>dictum:</strong></span> <span class='ocrx_word' id='word_1_467' title='bbox 1885 4115 1943 4190; x_wconf 84' lang='lat' dir='ltr'><strong>Ad</strong></span> <span class='ocrx_word' id='word_1_468' title='bbox 1967 4121 2079 4212; x_wconf 88' lang='lat' dir='ltr'><strong>legem</strong></span> <span class='ocrx_word' id='word_1_469' title='bbox 2106 4139 2140 4196; x_wconf 89' lang='lat' dir='ltr'><strong>et</strong></span> 
     </span>
     <span class='ocr_line' id='line_1_40' title="bbox 105 4217 2140 4334; baseline -0.007 -23"><span class='ocrx_word' id='word_1_470' title='bbox 105 4233 257 4334; x_wconf 86' lang='lat' dir='ltr'><strong>generis</strong></span> <span class='ocrx_word' id='word_1_471' title='bbox 282 4225 451 4314; x_wconf 88' lang='lat' dir='ltr'><strong>humaui,</strong></span> <span class='ocrx_word' id='word_1_472' title='bbox 476 4247 566 4320; x_wconf 87' lang='lat' dir='ltr'><strong>quae</strong></span> <span class='ocrx_word' id='word_1_473' title='bbox 588 4234 735 4292; x_wconf 90' lang='lat' dir='ltr'><strong>movent</strong></span> <span class='ocrx_word' id='word_1_474' title='bbox 748 4219 897 4312; x_wconf 90' lang='lat' dir='ltr'><strong>impios,</strong></span> <span class='ocrx_word' id='word_1_475' title='bbox 920 4235 963 4294; x_wconf 91' lang='lat' dir='ltr'><strong>ut</strong></span> <span class='ocrx_word' id='word_1_476' title='bbox 983 4219 1105 4293; x_wconf 81' lang='lat' dir='ltr'><strong>existi·</strong></span> <span class='ocrx_word' id='word_1_477' title='bbox 1157 4222 1415 4308; x_wconf 85' lang='lat' dir='ltr'><strong>testimonium3</strong></span> <span class='ocrx_word' id='word_1_478' title='bbox 1441 4233 1475 4292; x_wconf 87' lang='lat' dir='ltr'><strong>et</strong></span> <span class='ocrx_word' id='word_1_479' title='bbox 1498 4219 1674 4312; x_wconf 88' lang='lat' dir='ltr'><strong>precatio,</strong></span> <span class='ocrx_word' id='word_1_480' title='bbox 1691 4219 1783 4292; x_wconf 88' lang='lat' dir='ltr'><strong>sieut</strong></span> <span class='ocrx_word' id='word_1_481' title='bbox 1806 4217 1984 4294; x_wconf 88' lang='lat' dir='ltr'><strong>Dominus</strong></span> <span class='ocrx_word' id='word_1_482' title='bbox 2006 4223 2140 4317; x_wconf 85' lang='lat' dir='ltr'><strong>inquit:</strong></span> 
     </span>
     <span class='ocr_line' id='line_1_41' title="bbox 105 4319 2140 4422; baseline -0.006 -13"><span class='ocrx_word' id='word_1_483' title='bbox 105 4351 238 4422; x_wconf 85' lang='lat' dir='ltr'><strong>ment,</strong></span> <span class='ocrx_word' id='word_1_484' title='bbox 268 4331 411 4404; x_wconf 91' lang='lat' dir='ltr'><strong>nullum</strong></span> <span class='ocrx_word' id='word_1_485' title='bbox 436 4345 509 4398; x_wconf 88' lang='lat' dir='ltr'><strong>esse</strong></span> <span class='ocrx_word' id='word_1_486' title='bbox 532 4319 738 4404; x_wconf 90' lang='lat' dir='ltr'><strong>hominum,</strong></span> <span class='ocrx_word' id='word_1_487' title='bbox 771 4321 1008 4412; x_wconf 89' lang='lat' dir='ltr'><strong>religionum,</strong></span> <span class='ocrx_word' id='word_1_488' title='bbox 1031 4323 1106 4393; x_wconf 89' lang='lat' dir='ltr'><strong>vir·</strong></span> <span class='ocrx_word' id='word_1_489' title='bbox 1158 4319 1289 4409; x_wconf 89' lang='lat' dir='ltr'><strong>Orate,</strong></span> <span class='ocrx_word' id='word_1_490' title='bbox 1310 4345 1356 4393; x_wconf 91' lang='lat' dir='ltr'><strong>ne</strong></span> <span class='ocrx_word' id='word_1_491' title='bbox 1372 4323 1513 4394; x_wconf 89' lang='lat' dir='ltr'><strong>intretis</strong></span> <span class='ocrx_word' id='word_1_492' title='bbox 1525 4323 1564 4392; x_wconf 90' lang='lat' dir='ltr'><strong>iri</strong></span> <span class='ocrx_word' id='word_1_493' title='bbox 1578 4321 1821 4396; x_wconf 85' lang='lat' dir='ltr'><strong>tentationem.</strong></span> <span class='ocrx_word' id='word_1_494' title='bbox 1859 4320 1955 4395; x_wconf 89' lang='lat' dir='ltr'><strong>Utile</strong></span> <span class='ocrx_word' id='word_1_495' title='bbox 1969 4337 2021 4394; x_wconf 92' lang='lat' dir='ltr'><strong>est</strong></span> <span class='ocrx_word' id='word_1_496' title='bbox 2035 4325 2140 4396; x_wconf 84' lang='lat' dir='ltr'><strong>etiam</strong></span> 
     </span>
     <span class='ocr_line' id='line_1_42' title="bbox 106 4417 2140 4520; baseline -0.01 -3"><span class='ocrx_word' id='word_1_497' title='bbox 106 4457 234 4518; x_wconf 86' lang='lat' dir='ltr'><strong>tutem</strong></span> <span class='ocrx_word' id='word_1_498' title='bbox 257 4447 293 4506; x_wconf 89' lang='lat' dir='ltr'><strong>et</strong></span> <span class='ocrx_word' id='word_1_499' title='bbox 314 4432 486 4508; x_wconf 89' lang='lat' dir='ltr'><strong>vitiomm</strong></span> <span class='ocrx_word' id='word_1_500' title='bbox 505 4425 706 4498; x_wconf 88' lang='lat' dir='ltr'><strong>discrimen.</strong></span> <span class='ocrx_word' id='word_1_501' title='bbox 771 4417 836 4496; x_wconf 90' lang='lat' dir='ltr'><strong>Est</strong></span> <span class='ocrx_word' id='word_1_502' title='bbox 856 4419 1034 4510; x_wconf 86' lang='lat' dir='ltr'><strong>Ecclesia,</strong></span> <span class='ocrx_word' id='word_1_503' title='bbox 1065 4423 1105 4492; x_wconf 92' lang='lat' dir='ltr'><strong>in</strong></span> <span class='ocrx_word' id='word_1_504' title='bbox 1158 4426 1197 4496; x_wconf 91' lang='lat' dir='ltr'><strong>in</strong></span> <span class='ocrx_word' id='word_1_505' title='bbox 1227 4422 1403 4514; x_wconf 84' lang='lat' dir='ltr'><strong>Catalogis</strong></span> <span class='ocrx_word' id='word_1_506' title='bbox 1430 4423 1503 4494; x_wconf 89' lang='lat' dir='ltr'><strong>illis</strong></span> <span class='ocrx_word' id='word_1_507' title='bbox 1534 4423 1655 4494; x_wconf 90' lang='lat' dir='ltr'><strong>videre</strong></span> <span class='ocrx_word' id='word_1_508' title='bbox 1681 4418 1949 4516; x_wconf 79' lang='lat' dir='ltr'><strong>sophismatum</strong></span> <span class='ocrx_word' id='word_1_509' title='bbox 1970 4428 2140 4520; x_wconf 82' lang='lat' dir='ltr'><strong>exempla.</strong></span> 
     </span>
     <span class='ocr_line' id='line_1_43' title="bbox 107 4517 2143 4642; baseline -0.006 -30"><span class='ocrx_word' id='word_1_510' title='bbox 107 4565 190 4642; x_wconf 83' lang='lat' dir='ltr'><strong>qua</strong></span> <span class='ocrx_word' id='word_1_511' title='bbox 203 4537 304 4612; x_wconf 88' lang='lat' dir='ltr'><strong>Deus</strong></span> <span class='ocrx_word' id='word_1_512' title='bbox 324 4535 424 4606; x_wconf 88' lang='lat' dir='ltr'><strong>adest</strong></span> <span class='ocrx_word' id='word_1_513' title='bbox 443 4543 537 4601; x_wconf 91' lang='lat' dir='ltr'><strong>recte</strong></span> <span class='ocrx_word' id='word_1_514' title='bbox 555 4525 822 4597; x_wconf 78' lang='lat' dir='ltr'><strong>invocantibus:</strong></span> <span class='ocrx_word' id='word_1_515' title='bbox 848 4549 939 4622; x_wconf 89' lang='lat' dir='ltr'><strong>quae</strong></span> <span class='ocrx_word' id='word_1_516' title='bbox 961 4525 1104 4622; x_wconf 88' lang='lat' dir='ltr'><strong>quidem</strong></span> <span class='ocrx_word' id='word_1_517' title='bbox 1157 4525 1286 4598; x_wconf 87' lang='lat' dir='ltr'><strong>Narrat</strong></span> <span class='ocrx_word' id='word_1_518' title='bbox 1302 4517 1489 4613; x_wconf 82' lang='lat' dir='ltr'><strong>Clemens,</strong></span> <span class='ocrx_word' id='word_1_519' title='bbox 1513 4521 1633 4596; x_wconf 86' lang='lat' dir='ltr'><strong>hostes</strong></span> <span class='ocrx_word' id='word_1_520' title='bbox 1653 4525 1810 4617; x_wconf 86' lang='lat' dir='ltr'><strong>coniugii</strong></span> <span class='ocrx_word' id='word_1_521' title='bbox 1827 4525 1949 4596; x_wconf 84' lang='lat' dir='ltr'><strong>citasse</strong></span> <span class='ocrx_word' id='word_1_522' title='bbox 1965 4529 2143 4598; x_wconf 78' lang='lat' dir='ltr'><strong>namatio·</strong></span> 
     </span>
     <span class='ocr_line' id='line_1_44' title="bbox 106 4621 2142 4724; baseline -0.008 -9"><span class='ocrx_word' id='word_1_523' title='bbox 106 4669 196 4720; x_wconf 85' lang='lat' dir='ltr'><strong>non</strong></span> <span class='ocrx_word' id='word_1_524' title='bbox 222 4637 443 4712; x_wconf 81' lang='lat' dir='ltr'><strong>existimetur</strong></span> <span class='ocrx_word' id='word_1_525' title='bbox 465 4653 539 4702; x_wconf 86' lang='lat' dir='ltr'><strong>esse</strong></span> <span class='ocrx_word' id='word_1_526' title='bbox 561 4629 641 4700; x_wconf 91' lang='lat' dir='ltr'><strong>idea</strong></span> <span class='ocrx_word' id='word_1_527' title='bbox 665 4625 869 4713; x_wconf 86' lang='lat' dir='ltr'><strong>Platonica,</strong></span> <span class='ocrx_word' id='word_1_528' title='bbox 903 4629 964 4700; x_wconf 90' lang='lat' dir='ltr'><strong>sed</strong></span> <span class='ocrx_word' id='word_1_529' title='bbox 993 4625 1107 4698; x_wconf 87' lang='lat' dir='ltr'><strong>oculis</strong></span> <span class='ocrx_word' id='word_1_530' title='bbox 1158 4629 1307 4700; x_wconf 89' lang='lat' dir='ltr'><strong>uemde</strong></span> <span class='ocrx_word' id='word_1_531' title='bbox 1328 4623 1481 4698; x_wconf 82' lang='lat' dir='ltr'><strong>Saluiae</strong></span> <span class='ocrx_word' id='word_1_532' title='bbox 1503 4651 1545 4698; x_wconf 88' lang='lat' dir='ltr'><strong>ex</strong></span> <span class='ocrx_word' id='word_1_533' title='bbox 1567 4621 1780 4720; x_wconf 82' lang='lat' dir='ltr'><strong>Evangelio</strong></span> <span class='ocrx_word' id='word_1_534' title='bbox 1795 4621 2079 4724; x_wconf 81' lang='lat' dir='ltr'><strong>Aegyptiorum,</strong></span> <span class='ocrx_word' id='word_1_535' title='bbox 2103 4631 2142 4700; x_wconf 92' lang='lat' dir='ltr'><strong>in</strong></span> 
     </span>
     <span class='ocr_line' id='line_1_45' title="bbox 107 4721 2141 4835; baseline -0.009 -14"><span class='ocrx_word' id='word_1_536' title='bbox 107 4743 221 4823; x_wconf 86' lang='lat' dir='ltr'><strong>cerni</strong></span> <span class='ocrx_word' id='word_1_537' title='bbox 240 4755 345 4835; x_wconf 87' lang='lat' dir='ltr'><strong>atquc</strong></span> <span class='ocrx_word' id='word_1_538' title='bbox 358 4733 510 4809; x_wconf 89' lang='lat' dir='ltr'><strong>iudicari</strong></span> <span class='ocrx_word' id='word_1_539' title='bbox 524 4741 650 4826; x_wconf 90' lang='lat' dir='ltr'><strong>potest.</strong></span> <span class='ocrx_word' id='word_1_540' title='bbox 701 4727 792 4800; x_wconf 85' lang='lat' dir='ltr'><strong>Vult</strong></span> <span class='ocrx_word' id='word_1_541' title='bbox 809 4729 907 4799; x_wconf 89' lang='lat' dir='ltr'><strong>enim</strong></span> <span class='ocrx_word' id='word_1_542' title='bbox 926 4727 1041 4810; x_wconf 89' lang='lat' dir='ltr'><strong>Deus,</strong></span> <span class='ocrx_word' id='word_1_543' title='bbox 1066 4741 1108 4798; x_wconf 93' lang='lat' dir='ltr'><strong>ut</strong></span> <span class='ocrx_word' id='word_1_544' title='bbox 1159 4753 1229 4824; x_wconf 90' lang='lat' dir='ltr'><strong>qua</strong></span> <span class='ocrx_word' id='word_1_545' title='bbox 1260 4753 1341 4800; x_wconf 87' lang='lat' dir='ltr'><strong>cum</strong></span> <span class='ocrx_word' id='word_1_546' title='bbox 1371 4727 1514 4803; x_wconf 89' lang='lat' dir='ltr'><strong>Salome</strong></span> <span class='ocrx_word' id='word_1_547' title='bbox 1543 4729 1737 4818; x_wconf 86' lang='lat' dir='ltr'><strong>interrogat</strong></span> <span class='ocrx_word' id='word_1_548' title='bbox 1764 4721 1965 4814; x_wconf 87' lang='lat' dir='ltr'><strong>Christum,</strong></span> <span class='ocrx_word' id='word_1_549' title='bbox 1996 4731 2141 4824; x_wconf 86' lang='lat' dir='ltr'><strong>quaudo</strong></span> 
     </span>
     <span class='ocr_line' id='line_1_46' title="bbox 108 4827 2141 4938; baseline -0.006 -24"><span class='ocrx_word' id='word_1_550' title='bbox 108 4843 256 4938; x_wconf 61' lang='lat' dir='ltr'><strong>singoli</strong></span> <span class='ocrx_word' id='word_1_551' title='bbox 287 4865 353 4912; x_wconf 89' lang='lat' dir='ltr'><strong>nos</strong></span> <span class='ocrx_word' id='word_1_552' title='bbox 383 4839 423 4908; x_wconf 89' lang='lat' dir='ltr'><strong>iii</strong></span> <span class='ocrx_word' id='word_1_553' title='bbox 456 4859 533 4908; x_wconf 89' lang='lat' dir='ltr'><strong>eam</strong></span> <span class='ocrx_word' id='word_1_554' title='bbox 566 4831 809 4918; x_wconf 89' lang='lat' dir='ltr'><strong>includamus,</strong></span> <span class='ocrx_word' id='word_1_555' title='bbox 841 4830 974 4921; x_wconf 89' lang='lat' dir='ltr'><strong>singuli</strong></span> <span class='ocrx_word' id='word_1_556' title='bbox 999 4831 1108 4900; x_wconf 89' lang='lat' dir='ltr'><strong>simus</strong></span> <span class='ocrx_word' id='word_1_557' title='bbox 1158 4843 1350 4902; x_wconf 88' lang='lat' dir='ltr'><strong>ventorum</strong></span> <span class='ocrx_word' id='word_1_558' title='bbox 1372 4831 1420 4903; x_wconf 89' lang='lat' dir='ltr'><strong>sit</strong></span> <span class='ocrx_word' id='word_1_559' title='bbox 1441 4853 1592 4920; x_wconf 85' lang='lat' dir='ltr'><strong>regnum</strong></span> <span class='ocrx_word' id='word_1_560' title='bbox 1613 4827 1705 4914; x_wconf 88' lang='lat' dir='ltr'><strong>Dei,</strong></span> <span class='ocrx_word' id='word_1_561' title='bbox 1737 4828 1799 4898; x_wconf 88' lang='lat' dir='ltr'><strong>ille</strong></span> <span class='ocrx_word' id='word_1_562' title='bbox 1822 4833 2026 4920; x_wconf 87' lang='lat' dir='ltr'><strong>respondet:</strong></span> <span class='ocrx_word' id='word_1_563' title='bbox 2060 4855 2141 4904; x_wconf 90' lang='lat' dir='ltr'><strong>cum</strong></span> 
     </span>
     <span class='ocr_line' id='line_1_47' title="bbox 107 4927 2143 5048; baseline -0.009 -26"><span class='ocrx_word' id='word_1_564' title='bbox 107 4951 235 5048; x_wconf 84' lang='lat' dir='ltr'><strong>ipsius</strong></span> <span class='ocrx_word' id='word_1_565' title='bbox 256 4943 368 5028; x_wconf 86' lang='lat' dir='ltr'><strong>cives,</strong></span> <span class='ocrx_word' id='word_1_566' title='bbox 391 4941 431 5010; x_wconf 92' lang='lat' dir='ltr'><strong>iii</strong></span> <span class='ocrx_word' id='word_1_567' title='bbox 453 4961 492 5010; x_wconf 92' lang='lat' dir='ltr'><strong>ea</strong></span> <span class='ocrx_word' id='word_1_568' title='bbox 516 4933 777 5006; x_wconf 85' lang='lat' dir='ltr'><strong>invocationem</strong></span> <span class='ocrx_word' id='word_1_569' title='bbox 802 4931 1106 5004; x_wconf 88' lang='lat' dir='ltr'><strong>etconfessionem</strong></span> <span class='ocrx_word' id='word_1_570' title='bbox 1160 4933 1310 5005; x_wconf 84' lang='lat' dir='ltr'><strong>cessabit</strong></span> <span class='ocrx_word' id='word_1_571' title='bbox 1324 4957 1413 5026; x_wconf 86' lang='lat' dir='ltr'><strong>opus</strong></span> <span class='ocrx_word' id='word_1_572' title='bbox 1426 4931 1598 5004; x_wconf 85' lang='lat' dir='ltr'><strong>mulieris.</strong></span> <span class='ocrx_word' id='word_1_573' title='bbox 1648 4927 1834 5002; x_wconf 88' lang='lat' dir='ltr'><strong>Hoedieto</strong></span> <span class='ocrx_word' id='word_1_574' title='bbox 1859 4929 1912 5000; x_wconf 89' lang='lat' dir='ltr'><strong>illi</strong></span> <span class='ocrx_word' id='word_1_575' title='bbox 1934 4932 2143 5024; x_wconf 88' lang='lat' dir='ltr'><strong>impostores</strong></span> 
     </span>
     <span class='ocr_line' id='line_1_48' title="bbox 107 5029 2142 5129; baseline -0.011 -1"><span class='ocrx_word' id='word_1_576' title='bbox 107 5049 370 5129; x_wconf 85' lang='lat' dir='ltr'><strong>ostendamus,</strong></span> <span class='ocrx_word' id='word_1_577' title='bbox 402 5041 498 5114; x_wconf 87' lang='lat' dir='ltr'><strong>iuxta</strong></span> <span class='ocrx_word' id='word_1_578' title='bbox 520 5039 672 5109; x_wconf 85' lang='lat' dir='ltr'><strong>dictum:</strong></span> <span class='ocrx_word' id='word_1_579' title='bbox 710 5031 830 5120; x_wconf 88' lang='lat' dir='ltr'><strong>Beati,</strong></span> <span class='ocrx_word' id='word_1_580' title='bbox 861 5035 925 5128; x_wconf 91' lang='lat' dir='ltr'><strong>qui</strong></span> <span class='ocrx_word' id='word_1_581' title='bbox 946 5029 1108 5104; x_wconf 88' lang='lat' dir='ltr'><strong>habitant</strong></span> <span class='ocrx_word' id='word_1_582' title='bbox 1159 5033 1328 5106; x_wconf 86' lang='lat' dir='ltr'><strong>dixemut</strong></span> <span class='ocrx_word' id='word_1_583' title='bbox 1344 5029 1527 5128; x_wconf 90' lang='lat' dir='ltr'><strong>prohiberi</strong></span> <span class='ocrx_word' id='word_1_584' title='bbox 1542 5031 1764 5122; x_wconf 86' lang='lat' dir='ltr'><strong>coniugium,</strong></span> <span class='ocrx_word' id='word_1_585' title='bbox 1789 5055 1871 5104; x_wconf 90' lang='lat' dir='ltr'><strong>cum</strong></span> <span class='ocrx_word' id='word_1_586' title='bbox 1892 5033 1930 5102; x_wconf 90' lang='lat' dir='ltr'><strong>iri</strong></span> <span class='ocrx_word' id='word_1_587' title='bbox 1952 5057 2061 5124; x_wconf 87' lang='lat' dir='ltr'><strong>regno</strong></span> <span class='ocrx_word' id='word_1_588' title='bbox 2073 5031 2142 5106; x_wconf 87' lang='lat' dir='ltr'><strong>Dei</strong></span> 
     </span>
     <span class='ocr_line' id='line_1_49' title="bbox 109 5133 2144 5240; baseline -0.013 -17"><span class='ocrx_word' id='word_1_589' title='bbox 109 5160 158 5229; x_wconf 71' lang='lat' dir='ltr'><strong>{n</strong></span> <span class='ocrx_word' id='word_1_590' title='bbox 187 5153 295 5222; x_wconf 91' lang='lat' dir='ltr'><strong>domo</strong></span> <span class='ocrx_word' id='word_1_591' title='bbox 317 5157 396 5228; x_wconf 85' lang='lat' dir='ltr'><strong>tua,</strong></span> <span class='ocrx_word' id='word_1_592' title='bbox 418 5139 585 5240; x_wconf 86' lang='lat' dir='ltr'><strong>Domine.</strong></span> <span class='ocrx_word' id='word_1_593' title='bbox 636 5133 711 5206; x_wconf 89' lang='lat' dir='ltr'><strong>Nec</strong></span> <span class='ocrx_word' id='word_1_594' title='bbox 733 5157 817 5204; x_wconf 89' lang='lat' dir='ltr'><strong>vero</strong></span> <span class='ocrx_word' id='word_1_595' title='bbox 839 5147 977 5206; x_wconf 88' lang='lat' dir='ltr'><strong>tantum</strong></span> <span class='ocrx_word' id='word_1_596' title='bbox 994 5147 1109 5205; x_wconf 87' lang='lat' dir='ltr'><strong>exter·</strong></span> <span class='ocrx_word' id='word_1_597' title='bbox 1160 5149 1270 5208; x_wconf 71' lang='lat' dir='ltr'><strong>cavet</strong></span> <span class='ocrx_word' id='word_1_598' title='bbox 1283 5159 1373 5229; x_wconf 88' lang='lat' dir='ltr'><strong>opus</strong></span> <span class='ocrx_word' id='word_1_599' title='bbox 1384 5134 1560 5208; x_wconf 82' lang='lat' dir='ltr'><strong>mulieris:</strong></span> <span class='ocrx_word' id='word_1_600' title='bbox 1586 5133 1751 5206; x_wconf 84' lang='lat' dir='ltr'><strong>desinant</strong></span> <span class='ocrx_word' id='word_1_601' title='bbox 1773 5133 1883 5224; x_wconf 85' lang='lat' dir='ltr'><strong>igitur</strong></span> <span class='ocrx_word' id='word_1_602' title='bbox 1896 5135 2062 5206; x_wconf 85' lang='lat' dir='ltr'><strong>mulieres</strong></span> <span class='ocrx_word' id='word_1_603' title='bbox 2079 5161 2144 5230; x_wconf 89' lang='lat' dir='ltr'><strong>pa.</strong></span> 
     </span>
     <span class='ocr_line' id='line_1_50' title="bbox 112 5230 2143 5330; baseline -0.005 -6"><span class='ocrx_word' id='word_1_604' title='bbox 112 5277 191 5330; x_wconf 85' lang='lat' dir='ltr'><strong>nos</strong></span> <span class='ocrx_word' id='word_1_605' title='bbox 223 5247 343 5322; x_wconf 89' lang='lat' dir='ltr'><strong>hostes</strong></span> <span class='ocrx_word' id='word_1_606' title='bbox 376 5241 481 5315; x_wconf 87' lang='lat' dir='ltr'><strong>habet</strong></span> <span class='ocrx_word' id='word_1_607' title='bbox 515 5237 601 5314; x_wconf 89' lang='lat' dir='ltr'><strong>haec</strong></span> <span class='ocrx_word' id='word_1_608' title='bbox 626 5261 709 5308; x_wconf 88' lang='lat' dir='ltr'><strong>vera</strong></span> <span class='ocrx_word' id='word_1_609' title='bbox 740 5233 808 5308; x_wconf 89' lang='lat' dir='ltr'><strong>Dei</strong></span> <span class='ocrx_word' id='word_1_610' title='bbox 839 5231 1016 5318; x_wconf 88' lang='lat' dir='ltr'><strong>Ecclesia,</strong></span> <span class='ocrx_word' id='word_1_611' title='bbox 1048 5237 1108 5306; x_wconf 90' lang='lat' dir='ltr'><strong>sed</strong></span> <span class='ocrx_word' id='word_1_612' title='bbox 1159 5261 1257 5318; x_wconf 88' lang='lat' dir='ltr'><strong>rere,</strong></span> <span class='ocrx_word' id='word_1_613' title='bbox 1274 5251 1309 5308; x_wconf 92' lang='lat' dir='ltr'><strong>et</strong></span> <span class='ocrx_word' id='word_1_614' title='bbox 1326 5237 1425 5308; x_wconf 88' lang='lat' dir='ltr'><strong>oolla</strong></span> <span class='ocrx_word' id='word_1_615' title='bbox 1438 5237 1511 5306; x_wconf 89' lang='lat' dir='ltr'><strong>sint</strong></span> <span class='ocrx_word' id='word_1_616' title='bbox 1523 5235 1686 5328; x_wconf 89' lang='lat' dir='ltr'><strong>coniugia</strong></span> <span class='ocrx_word' id='word_1_617' title='bbox 1705 5230 1925 5328; x_wconf 85' lang='lat' dir='ltr'><strong>postChristi</strong></span> <span class='ocrx_word' id='word_1_618' title='bbox 1939 5239 2143 5314; x_wconf 87' lang='lat' dir='ltr'><strong>adveutum.</strong></span> 
     </span>
     <span class='ocr_line' id='line_1_51' title="bbox 115 5333 2145 5436; baseline -0.009 -8"><span class='ocrx_word' id='word_1_619' title='bbox 115 5357 231 5436; x_wconf 74' lang='lat' dir='ltr'><strong>etiam</strong></span> <span class='ocrx_word' id='word_1_620' title='bbox 255 5351 350 5422; x_wconf 85' lang='lat' dir='ltr'><strong>cives</strong></span> <span class='ocrx_word' id='word_1_621' title='bbox 370 5341 482 5416; x_wconf 89' lang='lat' dir='ltr'><strong>babet</strong></span> <span class='ocrx_word' id='word_1_622' title='bbox 501 5343 661 5412; x_wconf 84' lang='lat' dir='ltr'><strong>infirmos</strong></span> <span class='ocrx_word' id='word_1_623' title='bbox 677 5339 780 5410; x_wconf 86' lang='lat' dir='ltr'><strong>valde</strong></span> <span class='ocrx_word' id='word_1_624' title='bbox 805 5335 949 5408; x_wconf 87' lang='lat' dir='ltr'><strong>multos.</strong></span> <span class='ocrx_word' id='word_1_625' title='bbox 998 5333 1109 5408; x_wconf 91' lang='lat' dir='ltr'><strong>Multi</strong></span> <span class='ocrx_word' id='word_1_626' title='bbox 1159 5337 1310 5410; x_wconf 86' lang='lat' dir='ltr'><strong>Ludunt</strong></span> <span class='ocrx_word' id='word_1_627' title='bbox 1340 5333 1409 5408; x_wconf 91' lang='lat' dir='ltr'><strong>lioe</strong></span> <span class='ocrx_word' id='word_1_628' title='bbox 1441 5337 1550 5408; x_wconf 84' lang='lat' dir='ltr'><strong>modo</strong></span> <span class='ocrx_word' id='word_1_629' title='bbox 1583 5361 1724 5410; x_wconf 87' lang='lat' dir='ltr'><strong>scurrae</strong></span> <span class='ocrx_word' id='word_1_630' title='bbox 1756 5350 1791 5406; x_wconf 89' lang='lat' dir='ltr'><strong>et</strong></span> <span class='ocrx_word' id='word_1_631' title='bbox 1817 5333 2072 5431; x_wconf 84' lang='lat' dir='ltr'><strong>sycophantae,</strong></span> <span class='ocrx_word' id='word_1_632' title='bbox 2104 5355 2145 5410; x_wconf 89' lang='lat' dir='ltr'><strong>ut</strong></span> 
     </span>
     <span class='ocr_line' id='line_1_52' title="bbox 117 5435 2148 5536; baseline -0.008 -9"><span class='ocrx_word' id='word_1_633' title='bbox 117 5457 221 5534; x_wconf 73' lang='lat' dir='ltr'><strong>enini</strong></span> <span class='ocrx_word' id='word_1_634' title='bbox 239 5448 397 5524; x_wconf 84' lang='lat' dir='ltr'><strong>seditiosi</strong></span> <span class='ocrx_word' id='word_1_635' title='bbox 414 5447 459 5516; x_wconf 89' lang='lat' dir='ltr'><strong>ab</strong></span> <span class='ocrx_word' id='word_1_636' title='bbox 475 5469 514 5516; x_wconf 88' lang='lat' dir='ltr'><strong>ea</strong></span> <span class='ocrx_word' id='word_1_637' title='bbox 532 5441 721 5526; x_wconf 85' lang='lat' dir='ltr'><strong>deficiunt,</strong></span> <span class='ocrx_word' id='word_1_638' title='bbox 746 5454 781 5514; x_wconf 87' lang='lat' dir='ltr'><strong>ct</strong></span> <span class='ocrx_word' id='word_1_639' title='bbox 797 5439 887 5512; x_wconf 84' lang='lat' dir='ltr'><strong>fiunt</strong></span> <span class='ocrx_word' id='word_1_640' title='bbox 900 5437 1110 5533; x_wconf 87' lang='lat' dir='ltr'><strong>parricidae,</strong></span> <span class='ocrx_word' id='word_1_641' title='bbox 1160 5463 1258 5512; x_wconf 84' lang='lat' dir='ltr'><strong>nune</strong></span> <span class='ocrx_word' id='word_1_642' title='bbox 1280 5461 1423 5536; x_wconf 83' lang='lat' dir='ltr'><strong>quoque</strong></span> <span class='ocrx_word' id='word_1_643' title='bbox 1445 5439 1554 5510; x_wconf 90' lang='lat' dir='ltr'><strong>multi</strong></span> <span class='ocrx_word' id='word_1_644' title='bbox 1575 5441 1707 5512; x_wconf 88' lang='lat' dir='ltr'><strong>ludunt</strong></span> <span class='ocrx_word' id='word_1_645' title='bbox 1727 5437 1890 5531; x_wconf 82' lang='lat' dir='ltr'><strong>Papistae</strong></span> <span class='ocrx_word' id='word_1_646' title='bbox 1921 5453 1956 5511; x_wconf 87' lang='lat' dir='ltr'><strong>et</strong></span> <span class='ocrx_word' id='word_1_647' title='bbox 1984 5435 2148 5512; x_wconf 85' lang='lat' dir='ltr'><strong>homiues</strong></span> 
     </span>
    </p>
   </div>
   <div class='ocr_carea' id='block_1_10' title="bbox 172 5543 1556 5630">
    <p class='ocr_par' dir='ltr' id='par_1_10' title="bbox 172 5543 1556 5630">
     <span class='ocr_line' id='line_1_53' title="bbox 172 5543 1556 5630; baseline -0.033 1"><span class='ocrx_word' id='word_1_648' title='bbox 172 5562 353 5630; x_wconf 66' lang='lat' dir='ltr'><strong>uorem</strong></span> <span class='ocrx_word' id='word_1_649' title='bbox 381 5553 485 5622; x_wconf 80' lang='lat' dir='ltr'><strong>Orsa.</strong></span> <span class='ocrx_word' id='word_1_650' title='bbox 509 5550 594 5618; x_wconf 82' lang='lat' dir='ltr'><strong>Vei..</strong></span> <span class='ocrx_word' id='word_1_651' title='bbox 619 5545 684 5614; x_wconf 87' lang='lat' dir='ltr'><strong>lx.</strong></span> <span class='ocrx_word' id='word_1_652' title='bbox 1507 5543 1556 5618; x_wconf 62' lang='lat'><strong>13</strong></span> 
     </span>
    </p>
   </div>
   <div class='ocr_carea' id='block_1_11' title="bbox 0 0 2367 6176">
    <p class='ocr_par' dir='ltr' id='par_1_11' title="bbox 0 0 2367 6176">
     <span class='ocr_line' id='line_1_54' title="bbox 0 0 2367 6176; baseline 0 0"><span class='ocrx_word' id='word_1_653' title='bbox 0 0 2367 6176; x_wconf 95' lang='lat' dir='ltr'><strong> </strong></span> 
     </span>
    </p>
   </div>
  </div>
 </body>
</html>
