<?xml version="1.0" encoding="UTF-8"?>
<!DOCTYPE html PUBLIC "-//W3C//DTD XHTML 1.0 Transitional//EN"
    "http://www.w3.org/TR/xhtml1/DTD/xhtml1-transitional.dtd">
<html xmlns="http://www.w3.org/1999/xhtml" xml:lang="en" lang="en">
 <head>
  <title>
</title>
<meta http-equiv="Content-Type" content="text/html;charset=utf-8" />
  <meta name='ocr-system' content='tesseract 3.04.00' />
  <meta name='ocr-capabilities' content='ocr_page ocr_carea ocr_par ocr_line ocrx_word'/>
</head>
<body>
  <div class='ocr_page' id='page_1' title='image "./philippimelanth06bindgoog_0222.png"; bbox 0 0 4754 6184; ppageno 0'>
   <div class='ocr_carea' id='block_1_1' title="bbox 210 301 2252 406">
    <p class='ocr_par' dir='ltr' id='par_1_1' title="bbox 210 301 2252 406">
     <span class='ocr_line' id='line_1_1' title="bbox 210 301 2252 406; baseline -0.01 0"><span class='ocrx_word' id='word_1_1' title='bbox 210 328 287 406; x_wconf 76' lang='grc'><strong>876</strong></span> <span class='ocrx_word' id='word_1_2' title='bbox 505 383 508 396; x_wconf 85' lang='grc'><strong>,</strong></span> <span class='ocrx_word' id='word_1_3' title='bbox 779 304 1217 392; x_wconf 77' lang='lat' dir='ltr'><strong>EPISTOLARUM</strong></span> <span class='ocrx_word' id='word_1_4' title='bbox 1268 303 1377 386; x_wconf 78' lang='lat' dir='ltr'><strong>mn.</strong></span> <span class='ocrx_word' id='word_1_5' title='bbox 1400 301 1504 386; x_wconf 85' lang='lat' dir='ltr'><strong>lilll.</strong></span> <span class='ocrx_word' id='word_1_6' title='bbox 1557 303 1693 384; x_wconf 76' lang='lat'>16⁶7.</span> <span class='ocrx_word' id='word_1_7' title='bbox 2172 311 2252 386; x_wconf 76' lang='lat' dir='ltr'><strong>sto</strong></span> 
     </span>
    </p>
   </div>
   <div class='ocr_carea' id='block_1_2' title="bbox 285 685 891 787">
    <p class='ocr_par' dir='ltr' id='par_1_2' title="bbox 285 685 891 787">
     <span class='ocr_line' id='line_1_2' title="bbox 285 685 891 787; baseline -0.013 -3"><span class='ocrx_word' id='word_1_8' title='bbox 285 685 288 692; x_wconf 69' lang='grc'><strong>’</strong></span> <span class='ocrx_word' id='word_1_9' title='bbox 528 693 645 787; x_wconf 70' lang='lat' dir='ltr'><strong>sim.</strong></span> <span class='ocrx_word' id='word_1_10' title='bbox 673 689 891 780; x_wconf 78' lang='lat' dir='ltr'><strong>Pistorio.</strong></span> 
     </span>
    </p>
   </div>
   <div class='ocr_carea' id='block_1_3' title="bbox 287 865 1211 1159">
    <p class='ocr_par' dir='ltr' id='par_1_3' title="bbox 287 865 1211 1159">
     <span class='ocr_line' id='line_1_3' title="bbox 287 865 1211 964; baseline -0.014 -26"><span class='ocrx_word' id='word_1_11' title='bbox 287 876 470 964; x_wconf 62' lang='lat' dir='ltr'><strong>(Ricomiliis</strong></span> <span class='ocrx_word' id='word_1_12' title='bbox 476 874 526 933; x_wconf 84' lang='lat' dir='ltr'><strong>l’b.</strong></span> <span class='ocrx_word' id='word_1_13' title='bbox 536 871 607 930; x_wconf 83' lang='lat' dir='ltr'><strong>hiel.</strong></span> <span class='ocrx_word' id='word_1_14' title='bbox 621 871 668 958; x_wconf 69' lang='lat' dir='ltr'><strong>qd.</strong></span> <span class='ocrx_word' id='word_1_15' title='bbox 681 869 794 927; x_wconf 77' lang='lat' dir='ltr'><strong>al’erel.</strong></span> <span class='ocrx_word' id='word_1_16' title='bbox 804 867 850 927; x_wconf 82' lang='lat' dir='ltr'><strong>Pt.</strong></span> <span class='ocrx_word' id='word_1_17' title='bbox 860 865 895 924; x_wconf 89' lang='lat' dir='ltr'><strong>ll.</strong></span> <span class='ocrx_word' id='word_1_18' title='bbox 912 887 939 941; x_wconf 90' lang='lat' dir='ltr'><strong>p.</strong></span> <span class='ocrx_word' id='word_1_19' title='bbox 945 865 1007 928; x_wconf 84' lang='lat' dir='ltr'><strong>sts.</strong></span> <span class='ocrx_word' id='word_1_20' title='bbox 1036 867 1128 926; x_wconf 82' lang='lat' dir='ltr'><strong>Etiam</strong></span> <span class='ocrx_word' id='word_1_21' title='bbox 1140 867 1211 943; x_wconf 82' lang='lat' dir='ltr'><strong>iegi-</strong></span> 
     </span>
     <span class='ocr_line' id='line_1_4' title="bbox 319 938 1211 1156; baseline -0.026 -82"><span class='ocrx_word' id='word_1_22' title='bbox 319 941 773 1156; x_wconf 43' lang='lat' dir='ltr'><strong>‘shiiigqih‘ii1iiieii&#39;i</strong></span> <span class='ocrx_word' id='word_1_23' title='bbox 789 939 986 1066; x_wconf 54' lang='lat' dir='ltr'><strong>⁸eleirlshlelsdiil</strong></span> <span class='ocrx_word' id='word_1_24' title='bbox 1014 938 1211 1086; x_wconf 39' lang='lat' dir='ltr'><strong>&#39;sileat-’mil</strong></span> 
     </span>
     <span class='ocr_line' id='line_1_5' title="bbox 319 1103 488 1159; baseline -0.018 -17"><span class='ocrx_word' id='word_1_25' title='bbox 319 1105 385 1143; x_wconf 82' lang='lat' dir='ltr'><strong>ma.</strong></span> <span class='ocrx_word' id='word_1_26' title='bbox 404 1103 431 1159; x_wconf 85' lang='lat' dir='ltr'><strong>p.</strong></span> <span class='ocrx_word' id='word_1_27' title='bbox 479 1121 488 1139; x_wconf 91' lang='lat'><strong>.</strong></span> 
     </span>
    </p>
   </div>
   <div class='ocr_carea' id='block_1_4' title="bbox 216 1231 1210 1418">
    <p class='ocr_par' dir='ltr' id='par_1_4' title="bbox 216 1231 1210 1418">
     <span class='ocr_line' id='line_1_6' title="bbox 216 1231 1210 1320; baseline -0.01 -1"><span class='ocrx_word' id='word_1_28' title='bbox 216 1235 569 1320; x_wconf 79' lang='lat' dir='ltr'><strong>DieEIs&#39;sadethos.</strong></span> <span class='ocrx_word' id='word_1_29' title='bbox 607 1233 672 1308; x_wconf 82' lang='lat' dir='ltr'><strong>Ad</strong></span> <span class='ocrx_word' id='word_1_30' title='bbox 687 1231 948 1308; x_wconf 83' lang='lat' dir='ltr'><strong>Pistorium</strong></span> <span class='ocrx_word' id='word_1_31' title='bbox 971 1231 1210 1316; x_wconf 85' lang='lat' dir='ltr'><strong>Niddunum.</strong></span> 
     </span>
     <span class='ocr_line' id='line_1_7' title="bbox 356 1331 1072 1418; baseline -0.004 0"><span class='ocrx_word' id='word_1_32' title='bbox 356 1342 469 1418; x_wconf 81' lang='lat' dir='ltr'><strong>Anno</strong></span> <span class='ocrx_word' id='word_1_33' title='bbox 486 1341 595 1418; x_wconf 85' lang='grc'><strong>1657.</strong></span> <span class='ocrx_word' id='word_1_34' title='bbox 616 1339 657 1412; x_wconf 80' lang='lat' dir='ltr'><strong>irs</strong></span> <span class='ocrx_word' id='word_1_35' title='bbox 682 1346 854 1410; x_wconf 78' lang='lat' dir='ltr'><strong>conventu</strong></span> <span class='ocrx_word' id='word_1_36' title='bbox 879 1331 1072 1417; x_wconf 84' lang='lat' dir='ltr'><strong>Wormot.</strong></span> 
     </span>
    </p>
   </div>
   <div class='ocr_carea' id='block_1_5' title="bbox 221 1485 991 2507">
    <p class='ocr_par' dir='ltr' id='par_1_5' title="bbox 265 1485 991 2000">
     <span class='ocr_line' id='line_1_8' title="bbox 269 1485 954 1596; baseline -0.013 -24"><span class='ocrx_word' id='word_1_37' title='bbox 269 1485 387 1572; x_wconf 79' lang='lat' dir='ltr'><strong>(inati</strong></span> <span class='ocrx_word' id='word_1_38' title='bbox 400 1493 431 1596; x_wconf 81' lang='lat'><strong>¹)</strong></span> <span class='ocrx_word' id='word_1_39' title='bbox 445 1521 594 1570; x_wconf 82' lang='lat' dir='ltr'><strong>munera</strong></span> <span class='ocrx_word' id='word_1_40' title='bbox 606 1519 743 1567; x_wconf 88' lang='lat' dir='ltr'><strong>summa</strong></span> <span class='ocrx_word' id='word_1_41' title='bbox 756 1493 954 1566; x_wconf 91' lang='lat' dir='ltr'><strong>conditoris</strong></span> 
     </span>
     <span class='ocr_line' id='line_1_9' title="bbox 267 1597 991 1689; baseline -0.015 -15"><span class='ocrx_word' id='word_1_42' title='bbox 267 1599 482 1686; x_wconf 81' lang='lat' dir='ltr'><strong>Nartemus,</strong></span> <span class='ocrx_word' id='word_1_43' title='bbox 506 1600 576 1672; x_wconf 87' lang='lat' dir='ltr'><strong>sibi</strong></span> <span class='ocrx_word' id='word_1_44' title='bbox 590 1597 725 1688; x_wconf 82' lang='lat' dir='ltr'><strong>colligit</strong></span> <span class='ocrx_word' id='word_1_45' title='bbox 740 1598 837 1689; x_wconf 91' lang='lat' dir='ltr'><strong>quod</strong></span> <span class='ocrx_word' id='word_1_46' title='bbox 852 1617 991 1687; x_wconf 80' lang='lat' dir='ltr'>agmen,</span> 
     </span>
     <span class='ocr_line' id='line_1_10' title="bbox 269 1699 921 1799; baseline -0.015 -23"><span class='ocrx_word' id='word_1_47' title='bbox 269 1702 312 1776; x_wconf 91' lang='lat' dir='ltr'><strong>ln</strong></span> <span class='ocrx_word' id='word_1_48' title='bbox 328 1729 399 1799; x_wconf 90' lang='lat' dir='ltr'><strong>quo</strong></span> <span class='ocrx_word' id='word_1_49' title='bbox 415 1703 549 1796; x_wconf 77' lang='lat' dir='ltr'><strong>fulgeat</strong></span> <span class='ocrx_word' id='word_1_50' title='bbox 563 1703 639 1794; x_wconf 83' lang='lat' dir='ltr'><strong>ipse</strong></span> <span class='ocrx_word' id='word_1_51' title='bbox 652 1699 921 1792; x_wconf 89' lang='lat' dir='ltr'><strong>sempiternum,</strong></span> 
     </span>
     <span class='ocr_line' id='line_1_11' title="bbox 266 1801 870 1898; baseline -0.015 -20"><span class='ocrx_word' id='word_1_52' title='bbox 266 1805 418 1878; x_wconf 88' lang='lat' dir='ltr'><strong>Plenum</strong></span> <span class='ocrx_word' id='word_1_53' title='bbox 435 1805 641 1898; x_wconf 82' lang='lat' dir='ltr'><strong>iustitiaque</strong></span> <span class='ocrx_word' id='word_1_54' title='bbox 658 1801 870 1894; x_wconf 84' lang='lat' dir='ltr'><strong>gaudioque.</strong></span> 
     </span>
     <span class='ocr_line' id='line_1_12' title="bbox 265 1897 846 2000; baseline -0.017 -18"><span class='ocrx_word' id='word_1_55' title='bbox 265 1906 385 1998; x_wconf 79' lang='lat' dir='ltr'><strong>Huius</strong></span> <span class='ocrx_word' id='word_1_56' title='bbox 399 1906 553 2000; x_wconf 91' lang='lat' dir='ltr'><strong>agminis</strong></span> <span class='ocrx_word' id='word_1_57' title='bbox 568 1919 622 1977; x_wconf 86' lang='lat' dir='ltr'><strong>est</strong></span> <span class='ocrx_word' id='word_1_58' title='bbox 636 1897 846 1975; x_wconf 84' lang='lat' dir='ltr'><strong>Elisabetba</strong></span> 
     </span>
    </p>

    <p class='ocr_par' dir='ltr' id='par_1_6' title="bbox 221 2006 989 2308">
     <span class='ocr_line' id='line_1_13' title="bbox 221 2006 989 2106; baseline -0.008 -22"><span class='ocrx_word' id='word_1_59' title='bbox 221 2093 225 2106; x_wconf 34' lang='grc' dir='ltr'>Ι</span> <span class='ocrx_word' id='word_1_60' title='bbox 266 2009 442 2090; x_wconf 87' lang='lat' dir='ltr'><strong>Consors,</strong></span> <span class='ocrx_word' id='word_1_61' title='bbox 465 2033 557 2104; x_wconf 89' lang='lat' dir='ltr'><strong>quae</strong></span> <span class='ocrx_word' id='word_1_62' title='bbox 571 2006 687 2080; x_wconf 89' lang='lat' dir='ltr'><strong>tenuit</strong></span> <span class='ocrx_word' id='word_1_63' title='bbox 701 2017 837 2088; x_wconf 85' lang='lat' dir='ltr'><strong>vetusta</strong></span> <span class='ocrx_word' id='word_1_64' title='bbox 852 2017 989 2099; x_wconf 88' lang='lat' dir='ltr'><strong>sceptra</strong></span> 
     </span>
     <span class='ocr_line' id='line_1_14' title="bbox 266 2107 900 2206; baseline -0.011 -22"><span class='ocrx_word' id='word_1_65' title='bbox 266 2107 366 2184; x_wconf 80' lang='lat' dir='ltr'><strong>Orac</strong></span> <span class='ocrx_word' id='word_1_66' title='bbox 380 2109 612 2206; x_wconf 85' lang='lat' dir='ltr'><strong>Tyrigetum,</strong></span> <span class='ocrx_word' id='word_1_67' title='bbox 635 2107 774 2202; x_wconf 78' lang='lat' dir='ltr'><strong>fuitque</strong></span> <span class='ocrx_word' id='word_1_68' title='bbox 788 2119 900 2178; x_wconf 89' lang='lat' dir='ltr'><strong>mater</strong></span> 
     </span>
     <span class='ocr_line' id='line_1_15' title="bbox 266 2209 946 2308; baseline -0.013 -21"><span class='ocrx_word' id='word_1_69' title='bbox 266 2213 396 2308; x_wconf 78' lang='lat' dir='ltr'>Stirpis</span> <span class='ocrx_word' id='word_1_70' title='bbox 412 2212 546 2308; x_wconf 86' lang='lat' dir='ltr'><strong>inclyta</strong></span> <span class='ocrx_word' id='word_1_71' title='bbox 564 2209 773 2302; x_wconf 82' lang='lat' dir='ltr'><strong>Principum</strong></span> <span class='ocrx_word' id='word_1_72' title='bbox 789 2221 946 2292; x_wconf 83' lang='lat' dir='ltr'><strong>tuorum,</strong></span> 
     </span>
    </p>

    <p class='ocr_par' dir='ltr' id='par_1_7' title="bbox 237 2307 976 2507">
     <span class='ocr_line' id='line_1_16' title="bbox 237 2307 976 2408; baseline -0.009 -19"><span class='ocrx_word' id='word_1_73' title='bbox 237 2367 245 2380; x_wconf 74' lang='lat'><strong>·</strong></span> <span class='ocrx_word' id='word_1_74' title='bbox 266 2315 342 2408; x_wconf 87' lang='lat' dir='ltr'><strong>Qui</strong></span> <span class='ocrx_word' id='word_1_75' title='bbox 354 2307 401 2386; x_wconf 82' lang='lat' dir='ltr'><em>F</em></span> <span class='ocrx_word' id='word_1_76' title='bbox 394 2307 507 2385; x_wconf 78' lang='lat' dir='ltr'><strong>aldae</strong></span> <span class='ocrx_word' id='word_1_77' title='bbox 522 2313 757 2386; x_wconf 79' lang='lat' dir='ltr'><strong>dominantur</strong></span> <span class='ocrx_word' id='word_1_78' title='bbox 768 2323 804 2381; x_wconf 86' lang='lat' dir='ltr'><strong>et</strong></span> <span class='ocrx_word' id='word_1_79' title='bbox 820 2308 976 2404; x_wconf 84' lang='lat' dir='ltr'><strong>Visurgi.</strong></span> 
     </span>
     <span class='ocr_line' id='line_1_17' title="bbox 267 2411 926 2507; baseline -0.008 -17"><span class='ocrx_word' id='word_1_80' title='bbox 267 2417 397 2491; x_wconf 89' lang='lat' dir='ltr'><strong>Semen</strong></span> <span class='ocrx_word' id='word_1_81' title='bbox 414 2429 530 2489; x_wconf 86' lang='lat' dir='ltr'><strong>servat</strong></span> <span class='ocrx_word' id='word_1_82' title='bbox 546 2415 642 2487; x_wconf 90' lang='lat' dir='ltr'><strong>enim</strong></span> <span class='ocrx_word' id='word_1_83' title='bbox 655 2413 753 2486; x_wconf 84' lang='lat' dir='ltr'><strong>Deus</strong></span> <span class='ocrx_word' id='word_1_84' title='bbox 770 2411 926 2507; x_wconf 83' lang='lat' dir='ltr'><strong>piorum.</strong></span> 
     </span>
    </p>
   </div>
   <div class='ocr_carea' id='block_1_6' title="bbox 172 2535 1125 4479">
    <p class='ocr_par' dir='ltr' id='par_1_8' title="bbox 315 2535 1125 2642">
     <span class='ocr_line' id='line_1_18' title="bbox 315 2535 1125 2642; baseline -0.007 -20"><span class='ocrx_word' id='word_1_85' title='bbox 315 2549 420 2622; x_wconf 87' lang='lat' dir='ltr'><strong>Hane</strong></span> <span class='ocrx_word' id='word_1_86' title='bbox 437 2535 518 2622; x_wconf 85' lang='lat' dir='ltr'><strong>cum</strong></span> <span class='ocrx_word' id='word_1_87' title='bbox 532 2574 629 2622; x_wconf 92' lang='lat' dir='ltr'><strong>nunc</strong></span> <span class='ocrx_word' id='word_1_88' title='bbox 643 2549 822 2620; x_wconf 79' lang='lat' dir='ltr'><strong>celebrem</strong></span> <span class='ocrx_word' id='word_1_89' title='bbox 836 2539 868 2642; x_wconf 88' lang='lat'><strong>&#39;)</strong></span> <span class='ocrx_word' id='word_1_90' title='bbox 880 2541 1125 2620; x_wconf 83' lang='lat' dir='ltr'><strong>Elisabetham</strong></span> 
     </span>
    </p>

    <p class='ocr_par' dir='ltr' id='par_1_9' title="bbox 239 2641 980 2848">
     <span class='ocr_line' id='line_1_19' title="bbox 265 2641 980 2727; baseline -0.014 0"><span class='ocrx_word' id='word_1_91' title='bbox 265 2651 325 2727; x_wconf 91' lang='lat' dir='ltr'><strong>Ad</strong></span> <span class='ocrx_word' id='word_1_92' title='bbox 342 2676 408 2724; x_wconf 88' lang='lat' dir='ltr'><strong>nos</strong></span> <span class='ocrx_word' id='word_1_93' title='bbox 424 2653 593 2724; x_wconf 85' lang='lat' dir='ltr'><strong>advenias</strong></span> <span class='ocrx_word' id='word_1_94' title='bbox 604 2645 760 2725; x_wconf 82' lang='lat' dir='ltr'><strong>Nidursa</strong></span> <span class='ocrx_word' id='word_1_95' title='bbox 772 2641 912 2719; x_wconf 81' lang='lat' dir='ltr'><strong>Pastor</strong></span> <span class='ocrx_word' id='word_1_96' title='bbox 978 2665 980 2674; x_wconf 78' lang='grc'>’</span> 
     </span>
     <span class='ocr_line' id='line_1_20' title="bbox 239 2754 931 2848; baseline -0.009 -20"><span class='ocrx_word' id='word_1_97' title='bbox 239 2793 241 2800; x_wconf 36' lang='lat' dir='ltr'>v</span> <span class='ocrx_word' id='word_1_98' title='bbox 264 2755 454 2828; x_wconf 81' lang='lat' dir='ltr'><strong>Matronae</strong></span> <span class='ocrx_word' id='word_1_99' title='bbox 467 2767 507 2826; x_wconf 89' lang='lat' dir='ltr'><strong>ut</strong></span> <span class='ocrx_word' id='word_1_100' title='bbox 519 2754 578 2848; x_wconf 92' lang='lat' dir='ltr'><strong>pia</strong></span> <span class='ocrx_word' id='word_1_101' title='bbox 592 2754 683 2824; x_wconf 84' lang='lat' dir='ltr'><strong>lacta</strong></span> <span class='ocrx_word' id='word_1_102' title='bbox 697 2754 931 2845; x_wconf 81' lang='lat' dir='ltr'><strong>proferamus,</strong></span> 
     </span>
    </p>

    <p class='ocr_par' dir='ltr' id='par_1_10' title="bbox 175 2854 1033 3460">
     <span class='ocr_line' id='line_1_21' title="bbox 265 2854 804 2950; baseline -0.017 -18"><span class='ocrx_word' id='word_1_103' title='bbox 265 2855 318 2932; x_wconf 88' lang='lat' dir='ltr'><strong>Ut</strong></span> <span class='ocrx_word' id='word_1_104' title='bbox 330 2857 395 2928; x_wconf 86' lang='lat' dir='ltr'><strong>tali</strong></span> <span class='ocrx_word' id='word_1_105' title='bbox 408 2856 538 2950; x_wconf 85' lang='lat' dir='ltr'><strong>pietate</strong></span> <span class='ocrx_word' id='word_1_106' title='bbox 555 2879 623 2926; x_wconf 91' lang='lat' dir='ltr'><strong>nos</strong></span> <span class='ocrx_word' id='word_1_107' title='bbox 635 2854 804 2941; x_wconf 88' lang='lat' dir='ltr'><strong>colamus,</strong></span> 
     </span>
     <span class='ocr_line' id='line_1_22' title="bbox 264 2953 1021 3062; baseline -0.009 -30"><span class='ocrx_word' id='word_1_108' title='bbox 264 2957 532 3054; x_wconf 82' lang='lat' dir='ltr'><strong>Aeternumque</strong></span> <span class='ocrx_word' id='word_1_109' title='bbox 546 2955 683 3062; x_wconf 83' lang='lat' dir='ltr'><strong>Deum,</strong></span> <span class='ocrx_word' id='word_1_110' title='bbox 707 2953 847 3052; x_wconf 87' lang='lat' dir='ltr'><strong>Deique</strong></span> <span class='ocrx_word' id='word_1_111' title='bbox 862 2967 1021 3047; x_wconf 89' lang='lat' dir='ltr'><strong>gnatum,</strong></span> 
     </span>
     <span class='ocr_line' id='line_1_23' title="bbox 175 3059 901 3144; baseline -0.011 -9"><span class='ocrx_word' id='word_1_112' title='bbox 175 3067 178 3079; x_wconf 91' lang='lat'>&#39;</span> <span class='ocrx_word' id='word_1_113' title='bbox 264 3061 320 3134; x_wconf 92' lang='lat' dir='ltr'><strong>Ac</strong></span> <span class='ocrx_word' id='word_1_114' title='bbox 332 3074 450 3134; x_wconf 87' lang='lat' dir='ltr'><strong>motus</strong></span> <span class='ocrx_word' id='word_1_115' title='bbox 464 3061 577 3132; x_wconf 88' lang='lat' dir='ltr'><strong>animi</strong></span> <span class='ocrx_word' id='word_1_116' title='bbox 593 3059 688 3131; x_wconf 86' lang='lat' dir='ltr'><strong>leves</strong></span> <span class='ocrx_word' id='word_1_117' title='bbox 703 3061 901 3144; x_wconf 87' lang='lat' dir='ltr'><strong>domemus,</strong></span> 
     </span>
     <span class='ocr_line' id='line_1_24' title="bbox 264 3161 1033 3266; baseline -0.003 -32"><span class='ocrx_word' id='word_1_118' title='bbox 264 3161 424 3234; x_wconf 84' lang='lat' dir='ltr'><strong>Multum</strong></span> <span class='ocrx_word' id='word_1_119' title='bbox 439 3163 597 3256; x_wconf 82' lang='lat' dir='ltr'><strong>exempla</strong></span> <span class='ocrx_word' id='word_1_120' title='bbox 611 3163 690 3255; x_wconf 88' lang='lat' dir='ltr'><strong>pios</strong></span> <span class='ocrx_word' id='word_1_121' title='bbox 706 3161 830 3231; x_wconf 86' lang='lat' dir='ltr'><strong>iuvare</strong></span> <span class='ocrx_word' id='word_1_122' title='bbox 844 3173 1002 3252; x_wconf 76' lang='lat' dir='ltr'><strong>possunt.</strong></span> <span class='ocrx_word' id='word_1_123' title='bbox 1023 3247 1033 3266; x_wconf 89' lang='lat'><strong>.</strong></span> 
     </span>
     <span class='ocr_line' id='line_1_25' title="bbox 266 3263 879 3358; baseline -0.01 -22"><span class='ocrx_word' id='word_1_124' title='bbox 266 3265 412 3354; x_wconf 89' lang='lat' dir='ltr'><strong>Quanto</strong></span> <span class='ocrx_word' id='word_1_125' title='bbox 428 3267 558 3335; x_wconf 88' lang='lat' dir='ltr'><strong>robore</strong></span> <span class='ocrx_word' id='word_1_126' title='bbox 574 3263 722 3358; x_wconf 91' lang='lat' dir='ltr'><strong>pertulit</strong></span> <span class='ocrx_word' id='word_1_127' title='bbox 736 3263 879 3334; x_wconf 91' lang='lat' dir='ltr'><strong>dolores</strong></span> 
     </span>
     <span class='ocr_line' id='line_1_26' title="bbox 265 3361 947 3460; baseline -0.009 -22"><span class='ocrx_word' id='word_1_128' title='bbox 265 3363 433 3438; x_wconf 80' lang='lat' dir='ltr'><strong>Extincto</strong></span> <span class='ocrx_word' id='word_1_129' title='bbox 448 3367 582 3460; x_wconf 86' lang='lat' dir='ltr'><strong>pariter</strong></span> <span class='ocrx_word' id='word_1_130' title='bbox 600 3365 678 3436; x_wconf 88' lang='lat' dir='ltr'><strong>viro</strong></span> <span class='ocrx_word' id='word_1_131' title='bbox 693 3378 798 3460; x_wconf 88' lang='lat' dir='ltr'><strong>atque</strong></span> <span class='ocrx_word' id='word_1_132' title='bbox 814 3361 947 3455; x_wconf 83' lang='lat' dir='ltr'><strong>gnato?</strong></span> 
     </span>
    </p>

    <p class='ocr_par' dir='ltr' id='par_1_11' title="bbox 264 3464 980 3972">
     <span class='ocr_line' id='line_1_27' title="bbox 265 3464 973 3563; baseline -0.01 -22"><span class='ocrx_word' id='word_1_133' title='bbox 265 3467 319 3541; x_wconf 87' lang='lat' dir='ltr'><strong>Ae</strong></span> <span class='ocrx_word' id='word_1_134' title='bbox 334 3469 436 3563; x_wconf 90' lang='lat' dir='ltr'><strong>pulsa</strong></span> <span class='ocrx_word' id='word_1_135' title='bbox 451 3491 493 3538; x_wconf 86' lang='lat' dir='ltr'><strong>ex</strong></span> <span class='ocrx_word' id='word_1_136' title='bbox 510 3468 624 3561; x_wconf 88' lang='lat' dir='ltr'><strong>patria</strong></span> <span class='ocrx_word' id='word_1_137' title='bbox 640 3467 709 3538; x_wconf 86' lang='lat' dir='ltr'><strong>viri</strong></span> <span class='ocrx_word' id='word_1_138' title='bbox 726 3481 832 3561; x_wconf 89' lang='lat' dir='ltr'><strong>atque</strong></span> <span class='ocrx_word' id='word_1_139' title='bbox 846 3464 973 3555; x_wconf 83' lang='lat' dir='ltr'><strong>gnati?</strong></span> 
     </span>
     <span class='ocr_line' id='line_1_28' title="bbox 264 3566 980 3663; baseline -0.006 -21"><span class='ocrx_word' id='word_1_140' title='bbox 264 3566 487 3658; x_wconf 78' lang='lat' dir='ltr'><strong>Ostendens,</strong></span> <span class='ocrx_word' id='word_1_141' title='bbox 512 3569 604 3642; x_wconf 90' lang='lat' dir='ltr'><strong>mala</strong></span> <span class='ocrx_word' id='word_1_142' title='bbox 621 3569 832 3663; x_wconf 84' lang='lat' dir='ltr'><strong>perferenda</strong></span> <span class='ocrx_word' id='word_1_143' title='bbox 847 3566 980 3640; x_wconf 84' lang='lat' dir='ltr'><strong>sanctis</strong></span> 
     </span>
     <span class='ocr_line' id='line_1_29' title="bbox 264 3665 940 3764; baseline -0.004 -20"><span class='ocrx_word' id='word_1_144' title='bbox 264 3669 352 3744; x_wconf 72' lang='lat' dir='ltr'><strong>Esse</strong></span> <span class='ocrx_word' id='word_1_145' title='bbox 368 3672 545 3764; x_wconf 87' lang='lat' dir='ltr'><strong>ingentia,</strong></span> <span class='ocrx_word' id='word_1_146' title='bbox 566 3685 607 3743; x_wconf 89' lang='lat' dir='ltr'><strong>ut</strong></span> <span class='ocrx_word' id='word_1_147' title='bbox 621 3665 788 3744; x_wconf 82' lang='lat' dir='ltr'><strong>in&#39;vocare</strong></span> <span class='ocrx_word' id='word_1_148' title='bbox 801 3670 940 3742; x_wconf 84' lang='lat' dir='ltr'><strong>discant</strong></span> 
     </span>
     <span class='ocr_line' id='line_1_30' title="bbox 264 3771 980 3846; baseline -0.004 -1"><span class='ocrx_word' id='word_1_149' title='bbox 264 3773 474 3846; x_wconf 75' lang='lat' dir='ltr'><strong>Mirandum</strong></span> <span class='ocrx_word' id='word_1_150' title='bbox 489 3773 662 3846; x_wconf 83' lang='lat' dir='ltr'><strong>auxilium</strong></span> <span class='ocrx_word' id='word_1_151' title='bbox 676 3771 793 3845; x_wconf 89' lang='lat' dir='ltr'><strong>Deum</strong></span> <span class='ocrx_word' id='word_1_152' title='bbox 807 3775 980 3844; x_wconf 88' lang='lat' dir='ltr'><strong>ferentem</strong></span> 
     </span>
     <span class='ocr_line' id='line_1_31' title="bbox 265 3874 959 3972; baseline -0.003 -25"><span class='ocrx_word' id='word_1_153' title='bbox 265 3875 560 3972; x_wconf 85' lang='lat' dir='ltr'><strong>Praesentemque</strong></span> <span class='ocrx_word' id='word_1_154' title='bbox 575 3879 649 3948; x_wconf 90' lang='lat' dir='ltr'><strong>suis</strong></span> <span class='ocrx_word' id='word_1_155' title='bbox 665 3877 785 3948; x_wconf 87' lang='lat' dir='ltr'><strong>adesse</strong></span> <span class='ocrx_word' id='word_1_156' title='bbox 799 3874 959 3947; x_wconf 78' lang='lat' dir='ltr'><strong>cernant·</strong></span> 
     </span>
    </p>

    <p class='ocr_par' dir='ltr' id='par_1_12' title="bbox 241 3975 923 4074">
     <span class='ocr_line' id='line_1_32' title="bbox 241 3975 923 4074; baseline -0.001 -25"><span class='ocrx_word' id='word_1_157' title='bbox 241 4025 246 4032; x_wconf 94' lang='lat'>-</span> <span class='ocrx_word' id='word_1_158' title='bbox 267 3975 327 4049; x_wconf 87' lang='lat' dir='ltr'><strong>Sic</strong></span> <span class='ocrx_word' id='word_1_159' title='bbox 343 4002 408 4049; x_wconf 89' lang='lat' dir='ltr'><strong>cur</strong></span> <span class='ocrx_word' id='word_1_160' title='bbox 420 3994 541 4049; x_wconf 89' lang='lat' dir='ltr'><strong>nostra</strong></span> <span class='ocrx_word' id='word_1_161' title='bbox 556 3993 700 4050; x_wconf 88' lang='lat' dir='ltr'><strong>onerata</strong></span> <span class='ocrx_word' id='word_1_162' title='bbox 716 3979 809 4074; x_wconf 79' lang='lat' dir='ltr'><strong>mole</strong></span> <span class='ocrx_word' id='word_1_163' title='bbox 824 3989 923 4048; x_wconf 87' lang='lat' dir='ltr'><strong>tanta</strong></span> 
     </span>
    </p>

    <p class='ocr_par' dir='ltr' id='par_1_13' title="bbox 172 4079 1113 4479">
     <span class='ocr_line' id='line_1_33' title="bbox 266 4079 1113 4180; baseline -0.009 -28"><span class='ocrx_word' id='word_1_164' title='bbox 266 4079 322 4152; x_wconf 90' lang='lat' dir='ltr'><strong>Sit</strong></span> <span class='ocrx_word' id='word_1_165' title='bbox 336 4093 462 4150; x_wconf 88' lang='lat' dir='ltr'><strong>natura</strong></span> <span class='ocrx_word' id='word_1_166' title='bbox 479 4081 649 4162; x_wconf 87' lang='lat' dir='ltr'><strong>sciamus,</strong></span> <span class='ocrx_word' id='word_1_167' title='bbox 674 4093 779 4173; x_wconf 88' lang='lat' dir='ltr'><strong>atque</strong></span> <span class='ocrx_word' id='word_1_168' title='bbox 796 4079 889 4150; x_wconf 85' lang='lat' dir='ltr'><strong>iusto</strong></span> <span class='ocrx_word' id='word_1_169' title='bbox 1109 4165 1113 4180; x_wconf 24' lang='grc' dir='ltr'><em>Ι</em></span> 
     </span>
     <span class='ocr_line' id='line_1_34' title="bbox 256 4178 968 4274; baseline -0.008 -20"><span class='ocrx_word' id='word_1_170' title='bbox 256 4180 320 4254; x_wconf 77' lang='lat' dir='ltr'><strong>sit</strong></span> <span class='ocrx_word' id='word_1_171' title='bbox 335 4178 605 4266; x_wconf 86' lang='lat' dir='ltr'><strong>subiectaDeo,</strong></span> <span class='ocrx_word' id='word_1_172' title='bbox 631 4181 808 4274; x_wconf 84' lang='lat' dir='ltr'><strong>simulque</strong></span> <span class='ocrx_word' id='word_1_173' title='bbox 820 4189 968 4272; x_wconf 89' lang='lat' dir='ltr'><strong>propter</strong></span> 
     </span>
     <span class='ocr_line' id='line_1_35' title="bbox 172 4279 1038 4382; baseline -0.009 -27"><span class='ocrx_word' id='word_1_174' title='bbox 172 4363 178 4382; x_wconf 19' lang='grc' dir='ltr'>κ</span> <span class='ocrx_word' id='word_1_175' title='bbox 266 4279 379 4355; x_wconf 90' lang='lat' dir='ltr'><strong>Gnati</strong></span> <span class='ocrx_word' id='word_1_176' title='bbox 393 4282 542 4353; x_wconf 84' lang='lat' dir='ltr'><strong>vulnera</strong></span> <span class='ocrx_word' id='word_1_177' title='bbox 560 4306 626 4352; x_wconf 87' lang='lat' dir='ltr'><strong>nos</strong></span> <span class='ocrx_word' id='word_1_178' title='bbox 640 4305 742 4373; x_wconf 88' lang='lat' dir='ltr'><strong>opem</strong></span> <span class='ocrx_word' id='word_1_179' title='bbox 756 4295 930 4374; x_wconf 87' lang='lat' dir='ltr'><strong>petamus.</strong></span> <span class='ocrx_word' id='word_1_180' title='bbox 1035 4318 1038 4327; x_wconf 86' lang='lat'>·</span> 
     </span>
     <span class='ocr_line' id='line_1_36' title="bbox 265 4377 936 4479; baseline 0.003 -23"><span class='ocrx_word' id='word_1_181' title='bbox 265 4383 343 4458; x_wconf 86' lang='lat' dir='ltr'><strong>lloc</strong></span> <span class='ocrx_word' id='word_1_182' title='bbox 359 4385 519 4479; x_wconf 83' lang='lat' dir='ltr'><strong>exempla</strong></span> <span class='ocrx_word' id='word_1_183' title='bbox 535 4398 684 4455; x_wconf 89' lang='lat' dir='ltr'><strong>monent</strong></span> <span class='ocrx_word' id='word_1_184' title='bbox 697 4377 936 4458; x_wconf 79' lang='lat' dir='ltr'><strong>Elisabethac.</strong></span> 
     </span>
    </p>
   </div>
   <div class='ocr_carea' id='block_1_7' title="bbox 1067 467 2262 672">
    <p class='ocr_par' dir='ltr' id='par_1_14' title="bbox 1067 467 2262 672">
     <span class='ocr_line' id='line_1_37' title="bbox 1067 467 2259 566; baseline 0.004 -12"><span class='ocrx_word' id='word_1_185' title='bbox 1067 485 1211 562; x_wconf 67' lang='lat' dir='ltr'><strong>tultos.</strong></span> <span class='ocrx_word' id='word_1_186' title='bbox 1260 473 1327 552; x_wconf 80' lang='lat' dir='ltr'><strong>Ad</strong></span> <span class='ocrx_word' id='word_1_187' title='bbox 1342 473 1398 556; x_wconf 86' lang='lat' dir='ltr'><strong>D.</strong></span> <span class='ocrx_word' id='word_1_188' title='bbox 1419 470 1498 552; x_wconf 79' lang='lat' dir='ltr'><strong>Sel</strong></span> <span class='ocrx_word' id='word_1_189' title='bbox 1504 471 1555 552; x_wconf 88' lang='lat' dir='ltr'><strong>di</strong></span> <span class='ocrx_word' id='word_1_190' title='bbox 1559 503 1647 566; x_wconf 82' lang='lat' dir='ltr'><strong>um,</strong></span> <span class='ocrx_word' id='word_1_191' title='bbox 1670 475 1928 556; x_wconf 80' lang='lat' dir='ltr'><strong>consiliarium</strong></span> <span class='ocrx_word' id='word_1_192' title='bbox 1943 467 2122 558; x_wconf 79' lang='lat' dir='ltr'><strong>Caesaris</strong></span> <span class='ocrx_word' id='word_1_193' title='bbox 2138 473 2259 560; x_wconf 73' lang='lat' dir='ltr'><strong>Ferd.</strong></span> 
     </span>
     <span class='ocr_line' id='line_1_38' title="bbox 1070 575 2262 672; baseline 0.002 -12"><span class='ocrx_word' id='word_1_194' title='bbox 1070 579 1211 612; x_wconf 59' lang='lat'><strong>*⁹</strong></span> <span class='ocrx_word' id='word_1_195' title='bbox 1259 586 1374 660; x_wconf 81' lang='lat' dir='ltr'><strong>Anao</strong></span> <span class='ocrx_word' id='word_1_196' title='bbox 1385 577 1496 658; x_wconf 78' lang='lat'><strong>1557.</strong></span> <span class='ocrx_word' id='word_1_197' title='bbox 1506 577 1578 659; x_wconf 83' lang='lat' dir='ltr'><strong>sub</strong></span> <span class='ocrx_word' id='word_1_198' title='bbox 1594 575 1792 660; x_wconf 69' lang='lat' dir='ltr'><strong>dissessum</strong></span> <span class='ocrx_word' id='word_1_199' title='bbox 1808 605 1855 656; x_wconf 77' lang='lat' dir='ltr'><strong>er</strong></span> <span class='ocrx_word' id='word_1_200' title='bbox 1868 593 2040 672; x_wconf 76' lang='lat' dir='ltr'><strong>coaventu</strong></span> <span class='ocrx_word' id='word_1_201' title='bbox 2056 579 2262 664; x_wconf 62' lang='lat' dir='ltr'><strong>numae.</strong></span> 
     </span>
    </p>
   </div>
   <div class='ocr_carea' id='block_1_8' title="bbox 1309 718 2134 1448">
    <p class='ocr_par' dir='ltr' id='par_1_15' title="bbox 1310 718 2057 1224">
     <span class='ocr_line' id='line_1_39' title="bbox 1311 718 2023 826; baseline 0 -20"><span class='ocrx_word' id='word_1_202' title='bbox 1311 718 1437 820; x_wconf 69' lang='lat' dir='ltr'><strong>Salat,</strong></span> <span class='ocrx_word' id='word_1_203' title='bbox 1459 726 1708 826; x_wconf 70' lang='lat' dir='ltr'><strong>Thespiadum</strong></span> <span class='ocrx_word' id='word_1_204' title='bbox 1724 733 1832 806; x_wconf 89' lang='lat' dir='ltr'><strong>decus</strong></span> <span class='ocrx_word' id='word_1_205' title='bbox 1847 757 2023 824; x_wconf 83' lang='lat' dir='ltr'><strong>sororum,</strong></span> 
     </span>
     <span class='ocr_line' id='line_1_40' title="bbox 1311 834 2013 930; baseline 0.004 -24"><span class='ocrx_word' id='word_1_206' title='bbox 1311 834 1462 906; x_wconf 88' lang='lat' dir='ltr'><strong>Dictant</strong></span> <span class='ocrx_word' id='word_1_207' title='bbox 1474 858 1565 930; x_wconf 87' lang='lat' dir='ltr'><strong>quae</strong></span> <span class='ocrx_word' id='word_1_208' title='bbox 1579 859 1747 906; x_wconf 87' lang='lat' dir='ltr'><strong>numeros</strong></span> <span class='ocrx_word' id='word_1_209' title='bbox 1763 836 1830 908; x_wconf 87' lang='lat' dir='ltr'><strong>tibi</strong></span> <span class='ocrx_word' id='word_1_210' title='bbox 1846 853 2013 911; x_wconf 89' lang='lat' dir='ltr'><strong>venustos</strong></span> 
     </span>
     <span class='ocr_line' id='line_1_41' title="bbox 1312 932 2027 1034; baseline 0.008 -25"><span class='ocrx_word' id='word_1_211' title='bbox 1312 932 1460 1009; x_wconf 87' lang='lat' dir='ltr'><strong>Ornant</strong></span> <span class='ocrx_word' id='word_1_212' title='bbox 1472 938 1682 1010; x_wconf 86' lang='lat' dir='ltr'><strong>muneribus</strong></span> <span class='ocrx_word' id='word_1_213' title='bbox 1696 938 1840 1034; x_wconf 89' lang='lat' dir='ltr'><strong>suisque</strong></span> <span class='ocrx_word' id='word_1_214' title='bbox 1854 953 2027 1032; x_wconf 85' lang='lat' dir='ltr'><strong>promtae.</strong></span> 
     </span>
     <span class='ocr_line' id='line_1_42' title="bbox 1310 1037 2048 1136; baseline 0.007 -25"><span class='ocrx_word' id='word_1_215' title='bbox 1310 1037 1428 1134; x_wconf 86' lang='lat' dir='ltr'><strong>Aequi</strong></span> <span class='ocrx_word' id='word_1_216' title='bbox 1443 1040 1607 1126; x_wconf 84' lang='lat' dir='ltr'><strong>consule,</strong></span> <span class='ocrx_word' id='word_1_217' title='bbox 1630 1041 1895 1136; x_wconf 88' lang='lat' dir='ltr'><strong>candidumque</strong></span> <span class='ocrx_word' id='word_1_218' title='bbox 1909 1057 2048 1134; x_wconf 81' lang='lat' dir='ltr'><strong>praesta</strong></span> 
     </span>
     <span class='ocr_line' id='line_1_43' title="bbox 1310 1139 2057 1224; baseline 0.005 -12"><span class='ocrx_word' id='word_1_219' title='bbox 1310 1139 1459 1224; x_wconf 78' lang='lat' dir='ltr'><strong>Pectus,</strong></span> <span class='ocrx_word' id='word_1_220' title='bbox 1486 1141 1645 1212; x_wconf 88' lang='lat' dir='ltr'><strong>carmina</strong></span> <span class='ocrx_word' id='word_1_221' title='bbox 1658 1156 1781 1216; x_wconf 86' lang='lat' dir='ltr'><strong>nostra</strong></span> <span class='ocrx_word' id='word_1_222' title='bbox 1795 1165 1877 1214; x_wconf 90' lang='lat' dir='ltr'><strong>cum</strong></span> <span class='ocrx_word' id='word_1_223' title='bbox 1892 1143 2057 1216; x_wconf 81' lang='lat' dir='ltr'><strong>seruntur</strong></span> 
     </span>
    </p>

    <p class='ocr_par' dir='ltr' id='par_1_16' title="bbox 1309 1236 2134 1448">
     <span class='ocr_line' id='line_1_44' title="bbox 1309 1236 2063 1340; baseline 0.011 -26"><span class='ocrx_word' id='word_1_224' title='bbox 1309 1239 1368 1314; x_wconf 92' lang='lat' dir='ltr'><strong>Ad</strong></span> <span class='ocrx_word' id='word_1_225' title='bbox 1384 1256 1488 1316; x_wconf 90' lang='lat' dir='ltr'><strong>tuum</strong></span> <span class='ocrx_word' id='word_1_226' title='bbox 1503 1236 1719 1336; x_wconf 72' lang='lat' dir='ltr'><strong>hospitium,</strong></span> <span class='ocrx_word' id='word_1_227' title='bbox 1739 1239 1937 1340; x_wconf 85' lang='lat' dir='ltr'><strong>manusque</strong></span> <span class='ocrx_word' id='word_1_228' title='bbox 1952 1244 2063 1321; x_wconf 80' lang='lat' dir='ltr'><strong>Scidi.</strong></span> 
     </span>
     <span class='ocr_line' id='line_1_45' title="bbox 1311 1341 2134 1448; baseline 0.005 -30"><span class='ocrx_word' id='word_1_229' title='bbox 1311 1341 1420 1436; x_wconf 87' lang='lat' dir='ltr'><strong>Quod</strong></span> <span class='ocrx_word' id='word_1_230' title='bbox 1437 1345 1508 1419; x_wconf 83' lang='lat' dir='ltr'><strong>iam</strong></span> <span class='ocrx_word' id='word_1_231' title='bbox 1525 1341 1686 1448; x_wconf 75' lang='lat' dir='ltr'><strong>tuiaeis,</strong></span> <span class='ocrx_word' id='word_1_232' title='bbox 1712 1341 1810 1420; x_wconf 90' lang='lat' dir='ltr'><strong>haud</strong></span> <span class='ocrx_word' id='word_1_233' title='bbox 1824 1362 1992 1422; x_wconf 86' lang='lat' dir='ltr'><strong>monente</strong></span> <span class='ocrx_word' id='word_1_234' title='bbox 2006 1346 2134 1422; x_wconf 86' lang='lat' dir='ltr'><strong>amieo.</strong></span> 
     </span>
    </p>
   </div>
   <div class='ocr_carea' id='block_1_9' title="bbox 1309 1461 2106 1966">
    <p class='ocr_par' dir='ltr' id='par_1_17' title="bbox 1309 1461 2106 1966">
     <span class='ocr_line' id='line_1_46' title="bbox 1362 1461 2004 1554; baseline 0.006 -21"><span class='ocrx_word' id='word_1_235' title='bbox 1362 1461 1509 1535; x_wconf 87' lang='lat' dir='ltr'><strong>Vestros</strong></span> <span class='ocrx_word' id='word_1_236' title='bbox 1523 1461 1655 1536; x_wconf 88' lang='lat' dir='ltr'><strong>credite</strong></span> <span class='ocrx_word' id='word_1_237' title='bbox 1670 1464 1838 1546; x_wconf 83' lang='lat' dir='ltr'><strong>novimus</strong></span> <span class='ocrx_word' id='word_1_238' title='bbox 1852 1463 2004 1554; x_wconf 86' lang='lat' dir='ltr'><strong>labores,</strong></span> 
     </span>
     <span class='ocr_line' id='line_1_47' title="bbox 1310 1563 1985 1662; baseline 0.006 -24"><span class='ocrx_word' id='word_1_239' title='bbox 1310 1563 1365 1638; x_wconf 91' lang='lat' dir='ltr'><strong>Ac</strong></span> <span class='ocrx_word' id='word_1_240' title='bbox 1379 1565 1475 1660; x_wconf 85' lang='lat' dir='ltr'><strong>pacis</strong></span> <span class='ocrx_word' id='word_1_241' title='bbox 1487 1567 1645 1638; x_wconf 89' lang='lat' dir='ltr'><strong>studium</strong></span> <span class='ocrx_word' id='word_1_242' title='bbox 1661 1577 1764 1638; x_wconf 87' lang='lat' dir='ltr'><strong>tuum</strong></span> <span class='ocrx_word' id='word_1_243' title='bbox 1781 1567 1985 1662; x_wconf 82' lang='lat' dir='ltr'><strong>probamus,</strong></span> 
     </span>
     <span class='ocr_line' id='line_1_48' title="bbox 1309 1663 1891 1741; baseline 0.002 -2"><span class='ocrx_word' id='word_1_244' title='bbox 1309 1663 1384 1740; x_wconf 86' lang='lat' dir='ltr'><strong>Nec</strong></span> <span class='ocrx_word' id='word_1_245' title='bbox 1399 1680 1433 1739; x_wconf 90' lang='lat' dir='ltr'><strong>te</strong></span> <span class='ocrx_word' id='word_1_246' title='bbox 1449 1666 1627 1740; x_wconf 87' lang='lat' dir='ltr'><strong>credimus</strong></span> <span class='ocrx_word' id='word_1_247' title='bbox 1642 1668 1748 1740; x_wconf 88' lang='lat' dir='ltr'><strong>otiari</strong></span> <span class='ocrx_word' id='word_1_248' title='bbox 1763 1669 1891 1741; x_wconf 90' lang='lat' dir='ltr'><strong>inillis</strong></span> 
     </span>
     <span class='ocr_line' id='line_1_49' title="bbox 1311 1767 2106 1868; baseline -0.001 -26"><span class='ocrx_word' id='word_1_249' title='bbox 1311 1767 1455 1853; x_wconf 74' lang='lat' dir='ltr'><strong>Caucis,</strong></span> <span class='ocrx_word' id='word_1_250' title='bbox 1479 1770 1619 1862; x_wconf 90' lang='lat' dir='ltr'><strong>relligio</strong></span> <span class='ocrx_word' id='word_1_251' title='bbox 1633 1769 1764 1868; x_wconf 90' lang='lat' dir='ltr'><strong>quibus</strong></span> <span class='ocrx_word' id='word_1_252' title='bbox 1778 1771 1934 1847; x_wconf 88' lang='lat' dir='ltr'><strong>iuvatur.</strong></span> <span class='ocrx_word' id='word_1_253' title='bbox 2102 1863 2106 1868; x_wconf 27' lang='grc' dir='ltr'>Ι</span> 
     </span>
     <span class='ocr_line' id='line_1_50' title="bbox 1309 1869 1977 1966; baseline 0.006 -22"><span class='ocrx_word' id='word_1_254' title='bbox 1309 1869 1358 1944; x_wconf 86' lang='lat' dir='ltr'><strong>Et</strong></span> <span class='ocrx_word' id='word_1_255' title='bbox 1373 1897 1440 1966; x_wconf 83' lang='lat' dir='ltr'><strong>pax</strong></span> <span class='ocrx_word' id='word_1_256' title='bbox 1452 1871 1587 1966; x_wconf 90' lang='lat' dir='ltr'><strong>optima</strong></span> <span class='ocrx_word' id='word_1_257' title='bbox 1601 1873 1766 1945; x_wconf 88' lang='lat' dir='ltr'><strong>redditur</strong></span> <span class='ocrx_word' id='word_1_258' title='bbox 1777 1869 1977 1948; x_wconf 81' lang='lat' dir='ltr'><strong>Camoenis.</strong></span> 
     </span>
    </p>
   </div>
   <div class='ocr_carea' id='block_1_10' title="bbox 1267 1972 2034 2069">
    <p class='ocr_par' dir='ltr' id='par_1_18' title="bbox 1267 1972 2034 2069">
     <span class='ocr_line' id='line_1_51' title="bbox 1267 1972 2034 2069; baseline 0.005 -25"><span class='ocrx_word' id='word_1_259' title='bbox 1267 2020 1269 2033; x_wconf 59' lang='grc'><strong>.</strong></span> <span class='ocrx_word' id='word_1_260' title='bbox 1310 1972 1446 2046; x_wconf 83' lang='lat' dir='ltr'><strong>Ve‘rum</strong></span> <span class='ocrx_word' id='word_1_261' title='bbox 1460 1987 1501 2046; x_wconf 90' lang='lat' dir='ltr'><strong>ut</strong></span> <span class='ocrx_word' id='word_1_262' title='bbox 1516 1974 1638 2046; x_wconf 83' lang='lat' dir='ltr'><strong>littora</strong></span> <span class='ocrx_word' id='word_1_263' title='bbox 1653 1976 1761 2047; x_wconf 87' lang='lat' dir='ltr'><strong>surda</strong></span> <span class='ocrx_word' id='word_1_264' title='bbox 1776 1999 1851 2046; x_wconf 91' lang='lat' dir='ltr'><strong>non</strong></span> <span class='ocrx_word' id='word_1_265' title='bbox 1866 1975 2034 2069; x_wconf 88' lang='lat' dir='ltr'><strong>procellis</strong></span> 
     </span>
    </p>
   </div>
   <div class='ocr_carea' id='block_1_11' title="bbox 1310 2073 1944 2274">
    <p class='ocr_par' dir='ltr' id='par_1_19' title="bbox 1310 2073 1944 2274">
     <span class='ocr_line' id='line_1_52' title="bbox 1310 2073 1931 2170; baseline 0.006 -24"><span class='ocrx_word' id='word_1_266' title='bbox 1310 2073 1372 2147; x_wconf 88' lang='lat' dir='ltr'><strong>Nil</strong></span> <span class='ocrx_word' id='word_1_267' title='bbox 1381 2076 1483 2149; x_wconf 82' lang='lat' dir='ltr'><strong>vadis</strong></span> <span class='ocrx_word' id='word_1_268' title='bbox 1497 2076 1634 2170; x_wconf 86' lang='lat' dir='ltr'><strong>scopuli</strong></span> <span class='ocrx_word' id='word_1_269' title='bbox 1648 2090 1839 2150; x_wconf 82' lang='lat' dir='ltr'><strong>moventur</strong></span> <span class='ocrx_word' id='word_1_270' title='bbox 1850 2078 1931 2150; x_wconf 86' lang='lat' dir='ltr'><strong>alti:</strong></span> 
     </span>
     <span class='ocr_line' id='line_1_53' title="bbox 1310 2173 1944 2274; baseline 0 -24"><span class='ocrx_word' id='word_1_271' title='bbox 1310 2174 1371 2250; x_wconf 89' lang='lat' dir='ltr'><strong>Sic</strong></span> <span class='ocrx_word' id='word_1_272' title='bbox 1385 2201 1460 2248; x_wconf 90' lang='lat' dir='ltr'><strong>non</strong></span> <span class='ocrx_word' id='word_1_273' title='bbox 1474 2177 1568 2250; x_wconf 89' lang='lat' dir='ltr'><strong>ilecti</strong></span> <span class='ocrx_word' id='word_1_274' title='bbox 1582 2178 1727 2250; x_wconf 88' lang='lat' dir='ltr'><strong>inimica</strong></span> <span class='ocrx_word' id='word_1_275' title='bbox 1742 2173 1850 2250; x_wconf 89' lang='lat' dir='ltr'><strong>eorda</strong></span> <span class='ocrx_word' id='word_1_276' title='bbox 1864 2180 1944 2274; x_wconf 86' lang='lat' dir='ltr'><strong>paci</strong></span> 
     </span>
    </p>
   </div>
   <div class='ocr_carea' id='block_1_12' title="bbox 1191 2277 1954 2375">
    <p class='ocr_par' dir='ltr' id='par_1_20' title="bbox 1191 2277 1954 2375">
     <span class='ocr_line' id='line_1_54' title="bbox 1191 2277 1954 2375; baseline 0.004 -21"><span class='ocrx_word' id='word_1_277' title='bbox 1191 2359 1193 2366; x_wconf 12' lang='grc' dir='ltr'><em>Α</em></span> <span class='ocrx_word' id='word_1_278' title='bbox 1309 2277 1392 2354; x_wconf 89' lang='lat' dir='ltr'><strong>Ulla</strong></span> <span class='ocrx_word' id='word_1_279' title='bbox 1410 2302 1513 2375; x_wconf 85' lang='lat' dir='ltr'><strong>posse</strong></span> <span class='ocrx_word' id='word_1_280' title='bbox 1527 2303 1633 2372; x_wconf 88' lang='lat' dir='ltr'><strong>opera</strong></span> <span class='ocrx_word' id='word_1_281' title='bbox 1647 2281 1747 2352; x_wconf 86' lang='lat' dir='ltr'><strong>vides</strong></span> <span class='ocrx_word' id='word_1_282' title='bbox 1762 2281 1954 2358; x_wconf 86' lang='lat' dir='ltr'><strong>honorum.</strong></span> 
     </span>
    </p>
   </div>
   <div class='ocr_carea' id='block_1_13' title="bbox 1306 2377 2103 3398">
    <p class='ocr_par' dir='ltr' id='par_1_21' title="bbox 1308 2377 1911 2474">
     <span class='ocr_line' id='line_1_55' title="bbox 1308 2377 1911 2474; baseline -0.002 -21"><span class='ocrx_word' id='word_1_283' title='bbox 1308 2377 1405 2474; x_wconf 84' lang='lat' dir='ltr'><strong>Ergo</strong></span> <span class='ocrx_word' id='word_1_284' title='bbox 1420 2405 1518 2454; x_wconf 90' lang='lat' dir='ltr'><strong>nunc</strong></span> <span class='ocrx_word' id='word_1_285' title='bbox 1530 2383 1658 2453; x_wconf 89' lang='lat' dir='ltr'><strong>melius</strong></span> <span class='ocrx_word' id='word_1_286' title='bbox 1673 2383 1765 2455; x_wconf 81' lang='lat' dir='ltr'><strong>foret</strong></span> <span class='ocrx_word' id='word_1_287' title='bbox 1779 2383 1911 2454; x_wconf 85' lang='lat' dir='ltr'><strong>reverti</strong></span> 
     </span>
    </p>

    <p class='ocr_par' dir='ltr' id='par_1_22' title="bbox 1309 2479 2027 2781">
     <span class='ocr_line' id='line_1_56' title="bbox 1310 2479 2027 2580; baseline 0 -24"><span class='ocrx_word' id='word_1_288' title='bbox 1310 2479 1369 2556; x_wconf 92' lang='lat' dir='ltr'><strong>Ad</strong></span> <span class='ocrx_word' id='word_1_289' title='bbox 1385 2485 1526 2556; x_wconf 89' lang='lat' dir='ltr'><strong>dulcem</strong></span> <span class='ocrx_word' id='word_1_290' title='bbox 1542 2485 1772 2580; x_wconf 86' lang='lat' dir='ltr'><strong>sobolemque</strong></span> <span class='ocrx_word' id='word_1_291' title='bbox 1789 2485 2027 2580; x_wconf 73' lang='lat' dir='ltr'><strong>coniugesque</strong></span> 
     </span>
     <span class='ocr_line' id='line_1_57' title="bbox 1310 2583 2008 2684; baseline 0.003 -28"><span class='ocrx_word' id='word_1_292' title='bbox 1310 2583 1478 2681; x_wconf 89' lang='lat' dir='ltr'><strong>Interque</strong></span> <span class='ocrx_word' id='word_1_293' title='bbox 1493 2587 1613 2657; x_wconf 87' lang='lat' dir='ltr'><strong>oscula</strong></span> <span class='ocrx_word' id='word_1_294' title='bbox 1629 2599 1882 2684; x_wconf 87' lang='lat' dir='ltr'><strong>pectorumque</strong></span> <span class='ocrx_word' id='word_1_295' title='bbox 1898 2611 2008 2659; x_wconf 83' lang='lat' dir='ltr'><strong>nexus</strong></span> 
     </span>
     <span class='ocr_line' id='line_1_58' title="bbox 1309 2683 1873 2781; baseline 0 -22"><span class='ocrx_word' id='word_1_296' title='bbox 1309 2683 1517 2759; x_wconf 86' lang='lat' dir='ltr'><strong>Admiscere</strong></span> <span class='ocrx_word' id='word_1_297' title='bbox 1530 2687 1637 2758; x_wconf 91' lang='lat' dir='ltr'><strong>simul</strong></span> <span class='ocrx_word' id='word_1_298' title='bbox 1651 2687 1873 2781; x_wconf 87' lang='lat' dir='ltr'><strong>precationes</strong></span> 
     </span>
    </p>

    <p class='ocr_par' dir='ltr' id='par_1_23' title="bbox 1308 2781 2103 2986">
     <span class='ocr_line' id='line_1_59' title="bbox 1308 2781 2103 2890; baseline 0.004 -30"><span class='ocrx_word' id='word_1_299' title='bbox 1308 2787 1368 2860; x_wconf 94' lang='lat' dir='ltr'><strong>Ad</strong></span> <span class='ocrx_word' id='word_1_300' title='bbox 1384 2784 1567 2862; x_wconf 89' lang='lat' dir='ltr'><strong>Christum</strong></span> <span class='ocrx_word' id='word_1_301' title='bbox 1583 2790 1787 2878; x_wconf 89' lang='lat' dir='ltr'><strong>domiuum,</strong></span> <span class='ocrx_word' id='word_1_302' title='bbox 1812 2781 1926 2890; x_wconf 77' lang='grc' dir='ltr'><strong><em>λόγον</em></strong></span> <span class='ocrx_word' id='word_1_303' title='bbox 1942 2791 2103 2884; x_wconf 87' lang='lat' dir='ltr'><strong>parentis</strong></span> 
     </span>
     <span class='ocr_line' id='line_1_60' title="bbox 1308 2887 1895 2986; baseline 0 -24"><span class='ocrx_word' id='word_1_304' title='bbox 1308 2887 1476 2980; x_wconf 85' lang='lat' dir='ltr'><strong>Aeterni,</strong></span> <span class='ocrx_word' id='word_1_305' title='bbox 1503 2891 1561 2985; x_wconf 90' lang='lat' dir='ltr'><strong>pia</strong></span> <span class='ocrx_word' id='word_1_306' title='bbox 1572 2904 1655 2963; x_wconf 88' lang='lat' dir='ltr'><strong>vota</strong></span> <span class='ocrx_word' id='word_1_307' title='bbox 1670 2891 1733 2986; x_wconf 92' lang='lat' dir='ltr'><strong>qui</strong></span> <span class='ocrx_word' id='word_1_308' title='bbox 1749 2915 1895 2963; x_wconf 89' lang='lat' dir='ltr'><strong>suorum</strong></span> 
     </span>
    </p>

    <p class='ocr_par' dir='ltr' id='par_1_24' title="bbox 1306 2989 2010 3089">
     <span class='ocr_line' id='line_1_61' title="bbox 1306 2989 2010 3089; baseline 0.006 -25"><span class='ocrx_word' id='word_1_309' title='bbox 1306 2989 1356 3064; x_wconf 88' lang='lat' dir='ltr'><strong>Et</strong></span> <span class='ocrx_word' id='word_1_310' title='bbox 1370 3007 1481 3065; x_wconf 86' lang='lat' dir='ltr'><strong>castos</strong></span> <span class='ocrx_word' id='word_1_311' title='bbox 1499 2993 1650 3085; x_wconf 78' lang='lat' dir='ltr'><strong>gemitus</strong></span> <span class='ocrx_word' id='word_1_312' title='bbox 1666 2994 1795 3087; x_wconf 88' lang='lat' dir='ltr'><strong>probat</strong></span> <span class='ocrx_word' id='word_1_313' title='bbox 1810 3017 2010 3089; x_wconf 86' lang='lat' dir='ltr'><strong>precesque.</strong></span> 
     </span>
    </p>

    <p class='ocr_par' dir='ltr' id='par_1_25' title="bbox 1307 3091 2045 3293">
     <span class='ocr_line' id='line_1_62' title="bbox 1307 3091 2045 3190; baseline 0.003 -26"><span class='ocrx_word' id='word_1_314' title='bbox 1307 3092 1378 3165; x_wconf 84' lang='lat' dir='ltr'><strong>llic</strong></span> <span class='ocrx_word' id='word_1_315' title='bbox 1395 3119 1462 3166; x_wconf 91' lang='lat' dir='ltr'><strong>nos</strong></span> <span class='ocrx_word' id='word_1_316' title='bbox 1477 3107 1653 3188; x_wconf 88' lang='lat' dir='ltr'><strong>proteget,</strong></span> <span class='ocrx_word' id='word_1_317' title='bbox 1681 3091 1922 3190; x_wconf 86' lang='lat' dir='ltr'><strong>orphanisque</strong></span> <span class='ocrx_word' id='word_1_318' title='bbox 1938 3095 2045 3168; x_wconf 92' lang='lat' dir='ltr'><strong>nobis</strong></span> 
     </span>
     <span class='ocr_line' id='line_1_63' title="bbox 1307 3193 1961 3293; baseline 0.002 -26"><span class='ocrx_word' id='word_1_319' title='bbox 1307 3193 1357 3267; x_wconf 85' lang='lat' dir='ltr'><strong>Et</strong></span> <span class='ocrx_word' id='word_1_320' title='bbox 1373 3211 1491 3270; x_wconf 84' lang='lat' dir='ltr'><strong>custos</strong></span> <span class='ocrx_word' id='word_1_321' title='bbox 1507 3199 1576 3270; x_wconf 89' lang='lat' dir='ltr'><strong>erit</strong></span> <span class='ocrx_word' id='word_1_322' title='bbox 1591 3197 1766 3290; x_wconf 89' lang='lat' dir='ltr'><strong>optimus,</strong></span> <span class='ocrx_word' id='word_1_323' title='bbox 1791 3209 1961 3293; x_wconf 88' lang='lat' dir='ltr'><strong>paterque</strong></span> 
     </span>
    </p>

    <p class='ocr_par' dir='ltr' id='par_1_26' title="bbox 1308 3295 1992 3398">
     <span class='ocr_line' id='line_1_64' title="bbox 1308 3295 1992 3398; baseline 0.006 -29"><span class='ocrx_word' id='word_1_324' title='bbox 1308 3295 1404 3370; x_wconf 91' lang='lat' dir='ltr'><strong>idem</strong></span> <span class='ocrx_word' id='word_1_325' title='bbox 1421 3313 1456 3372; x_wconf 87' lang='lat' dir='ltr'><strong>te</strong></span> <span class='ocrx_word' id='word_1_326' title='bbox 1471 3323 1613 3398; x_wconf 87' lang='lat' dir='ltr'><strong>quoque</strong></span> <span class='ocrx_word' id='word_1_327' title='bbox 1627 3313 1742 3372; x_wconf 87' lang='lat' dir='ltr'><strong>servet</strong></span> <span class='ocrx_word' id='word_1_328' title='bbox 1757 3313 1792 3371; x_wconf 90' lang='lat' dir='ltr'><strong>et</strong></span> <span class='ocrx_word' id='word_1_329' title='bbox 1808 3301 1992 3390; x_wconf 86' lang='lat' dir='ltr'><strong>gubernet.</strong></span> 
     </span>
    </p>
   </div>
   <div class='ocr_carea' id='block_1_14' title="bbox 1780 3398 2205 3481">
    <p class='ocr_par' dir='ltr' id='par_1_27' title="bbox 1780 3398 2205 3481">
     <span class='ocr_line' id='line_1_65' title="bbox 1780 3398 2205 3481; baseline -0.002 -7"><span class='ocrx_word' id='word_1_330' title='bbox 1780 3399 1881 3480; x_wconf 85' lang='lat' dir='ltr'><strong>Vale.</strong></span> <span class='ocrx_word' id='word_1_331' title='bbox 1930 3403 1993 3481; x_wconf 70' lang='lat'><strong>23.</strong></span> <span class='ocrx_word' id='word_1_332' title='bbox 2005 3398 2205 3476; x_wconf 80' lang='lat' dir='ltr'><strong>Novembr.</strong></span> 
     </span>
    </p>
   </div>
   <div class='ocr_carea' id='block_1_15' title="bbox 1556 3945 1950 4036">
    <p class='ocr_par' dir='ltr' id='par_1_28' title="bbox 1556 3945 1950 4036">
     <span class='ocr_line' id='line_1_66' title="bbox 1556 3945 1950 4036; baseline -0.008 0"><span class='ocrx_word' id='word_1_333' title='bbox 1556 3945 1605 4036; x_wconf 79' lang='lat'><strong>0.</strong></span> <span class='ocrx_word' id='word_1_334' title='bbox 1633 3945 1950 4033; x_wconf 76' lang='lat' dir='ltr'><strong>Heresbocba’o.</strong></span> 
     </span>
    </p>
   </div>
   <div class='ocr_carea' id='block_1_16' title="bbox 1328 4089 2255 4248">
    <p class='ocr_par' dir='ltr' id='par_1_29' title="bbox 1328 4089 2255 4248">
     <span class='ocr_line' id='line_1_67' title="bbox 1328 4089 2255 4180; baseline 0 -18"><span class='ocrx_word' id='word_1_335' title='bbox 1328 4106 1450 4162; x_wconf 82' lang='lat' dir='ltr'><strong>Gouradi</strong></span> <span class='ocrx_word' id='word_1_336' title='bbox 1459 4089 1639 4164; x_wconf 78' lang='lat' dir='ltr'><strong>¹lies-esbachii</strong></span> <span class='ocrx_word' id='word_1_337' title='bbox 1652 4105 1763 4162; x_wconf 84' lang='lat' dir='ltr'><strong>historia</strong></span> <span class='ocrx_word' id='word_1_338' title='bbox 1776 4105 1979 4180; x_wconf 79' lang='lat' dir='ltr'><strong>Anabaptiatioa</strong></span> <span class='ocrx_word' id='word_1_339' title='bbox 1992 4133 2028 4148; x_wconf 89' lang='lat'><em>-</em></span> <span class='ocrx_word' id='word_1_340' title='bbox 2039 4105 2110 4164; x_wconf 76' lang='lat' dir='ltr'><strong>adita</strong></span> <span class='ocrx_word' id='word_1_341' title='bbox 2125 4125 2214 4180; x_wconf 78' lang='lat' dir='ltr'><strong>opera</strong></span> <span class='ocrx_word' id='word_1_342' title='bbox 2227 4117 2255 4162; x_wconf 85' lang='lat' dir='ltr'><strong>st</strong></span> 
     </span>
     <span class='ocr_line' id='line_1_68' title="bbox 1355 4175 2252 4248; baseline 0.002 -18"><span class='ocrx_word' id='word_1_343' title='bbox 1355 4177 1447 4230; x_wconf 80' lang='lat' dir='ltr'><strong>studio</strong></span> <span class='ocrx_word' id='word_1_344' title='bbox 1460 4175 1601 4232; x_wconf 82' lang='lat' dir='ltr'><strong>Theodori</strong></span> <span class='ocrx_word' id='word_1_345' title='bbox 1614 4175 1741 4232; x_wconf 76' lang='lat' dir='ltr'><strong>Strachii.</strong></span> <span class='ocrx_word' id='word_1_346' title='bbox 1776 4175 1960 4232; x_wconf 84' lang='lat' dir='ltr'><strong>Amstardami</strong></span> <span class='ocrx_word' id='word_1_347' title='bbox 1981 4175 2057 4234; x_wconf 77' lang='grc'><strong>7687.</strong></span> <span class='ocrx_word' id='word_1_348' title='bbox 2073 4175 2100 4234; x_wconf 77' lang='grc'><strong>8.</strong></span> <span class='ocrx_word' id='word_1_349' title='bbox 2119 4207 2155 4220; x_wconf 93' lang='lat'><em>-</em></span> <span class='ocrx_word' id='word_1_350' title='bbox 2184 4177 2252 4248; x_wconf 75' lang='lat' dir='ltr'><strong>Peg.</strong></span> 
     </span>
    </p>
   </div>
   <div class='ocr_carea' id='block_1_17' title="bbox 1356 4245 1729 4319">
    <p class='ocr_par' dir='ltr' id='par_1_30' title="bbox 1356 4245 1729 4319">
     <span class='ocr_line' id='line_1_69' title="bbox 1356 4245 1729 4319; baseline 0 -19"><span class='ocrx_word' id='word_1_351' title='bbox 1356 4245 1417 4304; x_wconf 69' lang='lat'><strong>202.</strong></span> <span class='ocrx_word' id='word_1_352' title='bbox 1430 4245 1532 4319; x_wconf 82' lang='lat' dir='ltr'><strong>legitur</strong></span> <span class='ocrx_word' id='word_1_353' title='bbox 1542 4246 1596 4302; x_wconf 85' lang='lat' dir='ltr'><strong>hoc</strong></span> <span class='ocrx_word' id='word_1_354' title='bbox 1607 4263 1729 4304; x_wconf 80' lang='lat' dir='ltr'><strong>carmen.</strong></span> 
     </span>
    </p>
   </div>
   <div class='ocr_carea' id='block_1_18' title="bbox 1256 4393 2251 4492">
    <p class='ocr_par' dir='ltr' id='par_1_31' title="bbox 1256 4393 2251 4492">
     <span class='ocr_line' id='line_1_70' title="bbox 1256 4393 2251 4492; baseline 0.001 -17"><span class='ocrx_word' id='word_1_355' title='bbox 1256 4393 1482 4476; x_wconf 84' lang='lat' dir='ltr'><strong>Clarissimo</strong></span> <span class='ocrx_word' id='word_1_356' title='bbox 1499 4402 1577 4474; x_wconf 78' lang='lat' dir='ltr'><strong>viro</strong></span> <span class='ocrx_word' id='word_1_357' title='bbox 1590 4399 1671 4480; x_wconf 81' lang='lat' dir='ltr'><strong>Du.</strong></span> <span class='ocrx_word' id='word_1_358' title='bbox 1680 4399 1842 4474; x_wconf 85' lang='lat' dir='ltr'><strong>Ductori</strong></span> <span class='ocrx_word' id='word_1_359' title='bbox 1849 4397 2108 4492; x_wconf 65' lang='lat' dir='ltr'><strong>Heresbactiq</strong></span> <span class='ocrx_word' id='word_1_360' title='bbox 2132 4399 2201 4476; x_wconf 76' lang='lat' dir='ltr'><strong>Pl·</strong></span> <span class='ocrx_word' id='word_1_361' title='bbox 2211 4405 2251 4476; x_wconf 85' lang='lat' dir='ltr'><strong>i-</strong></span> 
     </span>
    </p>
   </div>
   <div class='ocr_carea' id='block_1_19' title="bbox 1170 4497 2225 4607">
    <p class='ocr_par' dir='ltr' id='par_1_32' title="bbox 1170 4497 2225 4607">
     <span class='ocr_line' id='line_1_71' title="bbox 1170 4497 2225 4607; baseline 0.002 -29"><span class='ocrx_word' id='word_1_362' title='bbox 1170 4517 1191 4528; x_wconf 83' lang='lat'><strong>&#39;&#39;</strong></span> <span class='ocrx_word' id='word_1_363' title='bbox 1283 4503 1461 4607; x_wconf 81' lang='lat' dir='ltr'><strong>lippus,</strong></span> <span class='ocrx_word' id='word_1_364' title='bbox 1490 4503 1533 4577; x_wconf 84' lang='lat' dir='ltr'><strong>in</strong></span> <span class='ocrx_word' id='word_1_365' title='bbox 1559 4497 1759 4605; x_wconf 82' lang='lat' dir='ltr'><strong>Colloquio</strong></span> <span class='ocrx_word' id='word_1_366' title='bbox 1786 4502 2086 4596; x_wconf 80' lang='lat' dir='ltr'><strong>Wormocieuss‘,</strong></span> <span class='ocrx_word' id='word_1_367' title='bbox 2120 4533 2225 4581; x_wconf 80' lang='lat' dir='ltr'><strong>uano</strong></span> 
     </span>
    </p>
   </div>
   <div class='ocr_carea' id='block_1_20' title="bbox 228 4735 429 4813">
    <p class='ocr_par' dir='ltr' id='par_1_33' title="bbox 228 4735 429 4813">
     <span class='ocr_line' id='line_1_72' title="bbox 228 4735 429 4813; baseline 0.005 -4"><span class='ocrx_word' id='word_1_368' title='bbox 228 4737 297 4810; x_wconf 87' lang='lat' dir='ltr'><strong>No.</strong></span> <span class='ocrx_word' id='word_1_369' title='bbox 313 4735 429 4813; x_wconf 76' lang='lat'><strong>6404.</strong></span> 
     </span>
    </p>
   </div>
   <div class='ocr_carea' id='block_1_21' title="bbox 221 4835 433 4878">
    <p class='ocr_par' dir='ltr' id='par_1_34' title="bbox 221 4835 433 4878">
     <span class='ocr_line' id='line_1_73' title="bbox 221 4835 433 4878; baseline 0 0"><span class='ocrx_word' id='word_1_370' title='bbox 221 4835 433 4878; x_wconf 51' lang='lat' dir='ltr'><strong>„Q</strong></span> 
     </span>
    </p>
   </div>
   <div class='ocr_carea' id='block_1_22' title="bbox 1037 4737 1193 4811">
    <p class='ocr_par' dir='ltr' id='par_1_35' title="bbox 1037 4737 1193 4811">
     <span class='ocr_line' id='line_1_74' title="bbox 1037 4737 1193 4811; baseline -0.006 -1"><span class='ocrx_word' id='word_1_371' title='bbox 1037 4747 1098 4811; x_wconf 75' lang='lat'><strong>28·</strong></span> <span class='ocrx_word' id='word_1_372' title='bbox 1111 4737 1193 4808; x_wconf 77' lang='lat' dir='ltr'><strong>Nov.</strong></span> 
     </span>
    </p>
   </div>
   <div class='ocr_carea' id='block_1_23' title="bbox 1027 4827 1199 4862">
    <p class='ocr_par' dir='ltr' id='par_1_36' title="bbox 1027 4827 1199 4862">
     <span class='ocr_line' id='line_1_75' title="bbox 1027 4827 1199 4862; baseline -0.006 0"><span class='ocrx_word' id='word_1_373' title='bbox 1027 4827 1199 4862; x_wconf 54' lang='grc' dir='ltr'><strong>Μ</strong></span> 
     </span>
    </p>
   </div>
   <div class='ocr_carea' id='block_1_24' title="bbox 620 4939 794 5030">
    <p class='ocr_par' dir='ltr' id='par_1_37' title="bbox 620 4939 794 5030">
     <span class='ocr_line' id='line_1_76' title="bbox 620 4939 794 5030; baseline -0.029 0"><span class='ocrx_word' id='word_1_374' title='bbox 620 4939 794 5030; x_wconf 82' lang='lat' dir='ltr'><strong>Selds‘o.</strong></span> 
     </span>
    </p>
   </div>
   <div class='ocr_carea' id='block_1_25' title="bbox 284 5115 1011 5192">
    <p class='ocr_par' dir='ltr' id='par_1_38' title="bbox 284 5115 1011 5192">
     <span class='ocr_line' id='line_1_77' title="bbox 284 5115 1011 5192; baseline -0.001 -19"><span class='ocrx_word' id='word_1_375' title='bbox 284 5117 334 5188; x_wconf 74' lang='lat' dir='ltr'><strong>(Er</strong></span> <span class='ocrx_word' id='word_1_376' title='bbox 345 5117 474 5174; x_wconf 82' lang='lat' dir='ltr'><strong>Consiliis</strong></span> <span class='ocrx_word' id='word_1_377' title='bbox 489 5117 541 5176; x_wconf 80' lang='lat' dir='ltr'><strong>Ph.</strong></span> <span class='ocrx_word' id='word_1_378' title='bbox 553 5119 596 5182; x_wconf 77' lang='lat' dir='ltr'><strong>M.</strong></span> <span class='ocrx_word' id='word_1_379' title='bbox 607 5120 650 5176; x_wconf 86' lang='lat' dir='ltr'><strong>cd.</strong></span> <span class='ocrx_word' id='word_1_380' title='bbox 661 5139 677 5176; x_wconf 80' lang='lat' dir='ltr'><strong>a</strong></span> <span class='ocrx_word' id='word_1_381' title='bbox 690 5119 779 5180; x_wconf 72' lang='lat' dir='ltr'><strong>Pessi.</strong></span> <span class='ocrx_word' id='word_1_382' title='bbox 794 5119 837 5182; x_wconf 81' lang='lat' dir='ltr'><strong>Pl.</strong></span> <span class='ocrx_word' id='word_1_383' title='bbox 845 5117 880 5178; x_wconf 83' lang='lat' dir='ltr'><strong>ll·</strong></span> <span class='ocrx_word' id='word_1_384' title='bbox 896 5133 923 5192; x_wconf 80' lang='lat' dir='ltr'><strong>p.</strong></span> <span class='ocrx_word' id='word_1_385' title='bbox 937 5115 1011 5188; x_wconf 67' lang='lat' dir='ltr'><strong>dli.)</strong></span> 
     </span>
    </p>
   </div>
   <div class='ocr_carea' id='block_1_26' title="bbox 219 5283 427 5304">
    <p class='ocr_par' dir='ltr' id='par_1_39' title="bbox 219 5283 427 5304">
     <span class='ocr_line' id='line_1_78' title="bbox 219 5283 427 5304; baseline 0.01 -8"><span class='ocrx_word' id='word_1_386' title='bbox 219 5283 427 5304; x_wconf 49' lang='lat' dir='ltr'><strong>*napa—.—</strong></span> 
     </span>
    </p>
   </div>
   <div class='ocr_carea' id='block_1_27' title="bbox 247 5409 693 5596">
    <p class='ocr_par' dir='ltr' id='par_1_40' title="bbox 247 5409 693 5596">
     <span class='ocr_line' id='line_1_79' title="bbox 249 5409 504 5484; baseline -0.012 -16"><span class='ocrx_word' id='word_1_387' title='bbox 249 5415 278 5482; x_wconf 87' lang='lat' dir='ltr'><strong>l)</strong></span> <span class='ocrx_word' id='word_1_388' title='bbox 297 5409 390 5484; x_wconf 69' lang='lat' dir='ltr'><strong>Epigr.</strong></span> <span class='ocrx_word' id='word_1_389' title='bbox 408 5409 504 5466; x_wconf 73' lang='lat' dir='ltr'><strong>Grati.</strong></span> 
     </span>
     <span class='ocr_line' id='line_1_80' title="bbox 247 5495 693 5596; baseline -0.011 -37"><span class='ocrx_word' id='word_1_390' title='bbox 247 5505 281 5576; x_wconf 76' lang='lat'><strong>2)</strong></span> <span class='ocrx_word' id='word_1_391' title='bbox 297 5499 390 5596; x_wconf 66' lang='lat' dir='ltr'><strong>Issit.</strong></span> <span class='ocrx_word' id='word_1_392' title='bbox 407 5507 435 5558; x_wconf 82' lang='lat' dir='ltr'><strong>et</strong></span> <span class='ocrx_word' id='word_1_393' title='bbox 451 5495 542 5572; x_wconf 75' lang='lat' dir='ltr'><strong>Epigr.</strong></span> <span class='ocrx_word' id='word_1_394' title='bbox 560 5497 693 5554; x_wconf 75' lang='lat' dir='ltr'><strong>sekdrss.</strong></span> 
     </span>
    </p>
   </div>
   <div class='ocr_carea' id='block_1_28' title="bbox 1694 4605 1803 4685">
    <p class='ocr_par' dir='ltr' id='par_1_41' title="bbox 1694 4605 1803 4685">
     <span class='ocr_line' id='line_1_81' title="bbox 1694 4605 1803 4685; baseline -0.018 -1"><span class='ocrx_word' id='word_1_395' title='bbox 1694 4605 1803 4685; x_wconf 79' lang='lat'><strong>1557.</strong></span> 
     </span>
    </p>
   </div>
   <div class='ocr_carea' id='block_1_29' title="bbox 1306 4745 2028 5259">
    <p class='ocr_par' dir='ltr' id='par_1_42' title="bbox 1306 4745 1953 4834">
     <span class='ocr_line' id='line_1_82' title="bbox 1306 4745 1953 4834; baseline 0.005 -3"><span class='ocrx_word' id='word_1_396' title='bbox 1306 4745 1398 4831; x_wconf 89' lang='lat' dir='ltr'><strong>Non</strong></span> <span class='ocrx_word' id='word_1_397' title='bbox 1416 4759 1601 4830; x_wconf 88' lang='lat' dir='ltr'><strong>ardentior</strong></span> <span class='ocrx_word' id='word_1_398' title='bbox 1610 4751 1709 4832; x_wconf 80' lang='lat' dir='ltr'><strong>&#39;edita</strong></span> <span class='ocrx_word' id='word_1_399' title='bbox 1726 4760 1798 4830; x_wconf 88' lang='lat' dir='ltr'><strong>ulla</strong></span> <span class='ocrx_word' id='word_1_400' title='bbox 1817 4785 1886 4832; x_wconf 84' lang='lat' dir='ltr'><strong>vox</strong></span> <span class='ocrx_word' id='word_1_401' title='bbox 1900 4772 1953 4834; x_wconf 87' lang='lat' dir='ltr'><strong>est</strong></span> 
     </span>
    </p>

    <p class='ocr_par' dir='ltr' id='par_1_43' title="bbox 1307 4859 1986 5056">
     <span class='ocr_line' id='line_1_83' title="bbox 1309 4859 1986 4946; baseline -0.001 -14"><span class='ocrx_word' id='word_1_402' title='bbox 1309 4861 1351 4932; x_wconf 85' lang='lat' dir='ltr'><strong>l&#39;n</strong></span> <span class='ocrx_word' id='word_1_403' title='bbox 1367 4862 1471 4933; x_wconf 88' lang='lat' dir='ltr'><strong>terris</strong></span> <span class='ocrx_word' id='word_1_404' title='bbox 1485 4875 1519 4932; x_wconf 90' lang='lat' dir='ltr'><strong>et</strong></span> <span class='ocrx_word' id='word_1_405' title='bbox 1534 4862 1572 4932; x_wconf 90' lang='lat' dir='ltr'><strong>iu</strong></span> <span class='ocrx_word' id='word_1_406' title='bbox 1592 4885 1672 4932; x_wconf 89' lang='lat' dir='ltr'><strong>arce</strong></span> <span class='ocrx_word' id='word_1_407' title='bbox 1685 4859 1905 4946; x_wconf 55' lang='lat' dir='ltr'><strong>Conditorig</strong></span> <span class='ocrx_word' id='word_1_408' title='bbox 1980 4865 1986 4874; x_wconf 87' lang='lat'>&#39;</span> 
     </span>
     <span class='ocr_line' id='line_1_84' title="bbox 1307 4963 1882 5056; baseline -0.002 -23"><span class='ocrx_word' id='word_1_409' title='bbox 1307 4963 1426 5053; x_wconf 87' lang='lat' dir='ltr'><strong>Quam</strong></span> <span class='ocrx_word' id='word_1_410' title='bbox 1443 4965 1596 5056; x_wconf 87' lang='lat' dir='ltr'><strong>precatio</strong></span> <span class='ocrx_word' id='word_1_411' title='bbox 1610 4965 1694 5050; x_wconf 90' lang='lat' dir='ltr'><strong>lilii,</strong></span> <span class='ocrx_word' id='word_1_412' title='bbox 1718 4988 1882 5036; x_wconf 89' lang='lat' dir='ltr'><strong>cruorem</strong></span> 
     </span>
    </p>

    <p class='ocr_par' dir='ltr' id='par_1_44' title="bbox 1307 5064 2028 5259">
     <span class='ocr_line' id='line_1_85' title="bbox 1307 5064 2028 5164; baseline 0 -28"><span class='ocrx_word' id='word_1_413' title='bbox 1307 5064 1430 5155; x_wconf 84' lang='lat' dir='ltr'><strong>Quum</strong></span> <span class='ocrx_word' id='word_1_414' title='bbox 1450 5068 1581 5140; x_wconf 88' lang='lat' dir='ltr'><strong>sudans</strong></span> <span class='ocrx_word' id='word_1_415' title='bbox 1596 5068 1703 5164; x_wconf 84' lang='lat' dir='ltr'><strong>petjt,</strong></span> <span class='ocrx_word' id='word_1_416' title='bbox 1726 5089 1799 5136; x_wconf 81' lang='lat' dir='ltr'><strong>esse</strong></span> <span class='ocrx_word' id='word_1_417' title='bbox 1813 5089 1879 5136; x_wconf 91' lang='lat' dir='ltr'><strong>nos</strong></span> <span class='ocrx_word' id='word_1_418' title='bbox 1895 5064 1935 5134; x_wconf 88' lang='lat' dir='ltr'><strong>in</strong></span> <span class='ocrx_word' id='word_1_419' title='bbox 1951 5065 2028 5158; x_wconf 88' lang='lat' dir='ltr'><strong>ipso</strong></span> 
     </span>
     <span class='ocr_line' id='line_1_86' title="bbox 1307 5165 2007 5259; baseline -0.004 -20"><span class='ocrx_word' id='word_1_420' title='bbox 1307 5165 1451 5254; x_wconf 90' lang='lat' dir='ltr'><strong>Unum,</strong></span> <span class='ocrx_word' id='word_1_421' title='bbox 1474 5169 1646 5259; x_wconf 83' lang='lat' dir='ltr'><strong>sangnine</strong></span> <span class='ocrx_word' id='word_1_422' title='bbox 1661 5191 1727 5240; x_wconf 90' lang='lat' dir='ltr'><strong>nos</strong></span> <span class='ocrx_word' id='word_1_423' title='bbox 1740 5191 1805 5238; x_wconf 85' lang='lat' dir='ltr'><strong>suo</strong></span> <span class='ocrx_word' id='word_1_424' title='bbox 1821 5169 2007 5238; x_wconf 87' lang='lat' dir='ltr'><strong>redemtos.</strong></span> 
     </span>
    </p>
   </div>
   <div class='ocr_carea' id='block_1_30' title="bbox 1243 5257 2105 5364">
    <p class='ocr_par' dir='ltr' id='par_1_45' title="bbox 1243 5257 2105 5364">
     <span class='ocr_line' id='line_1_87' title="bbox 1243 5257 2105 5364; baseline -0.001 -22"><span class='ocrx_word' id='word_1_425' title='bbox 1243 5257 1248 5276; x_wconf 75' lang='lat'>&#39;</span> <span class='ocrx_word' id='word_1_426' title='bbox 1306 5266 1381 5342; x_wconf 89' lang='lat' dir='ltr'><strong>Cur</strong></span> <span class='ocrx_word' id='word_1_427' title='bbox 1403 5265 1491 5340; x_wconf 89' lang='lat' dir='ltr'><strong>haec</strong></span> <span class='ocrx_word' id='word_1_428' title='bbox 1510 5285 1592 5343; x_wconf 89' lang='lat' dir='ltr'><strong>vota</strong></span> <span class='ocrx_word' id='word_1_429' title='bbox 1612 5293 1738 5364; x_wconf 81' lang='lat' dir='ltr'><strong>parurn</strong></span> <span class='ocrx_word' id='word_1_430' title='bbox 1755 5283 1898 5341; x_wconf 88' lang='lat' dir='ltr'><strong>movent</strong></span> <span class='ocrx_word' id='word_1_431' title='bbox 1913 5273 2105 5363; x_wconf 77' lang='lat' dir='ltr'><strong>profanos?</strong></span> 
     </span>
    </p>
   </div>
   <div class='ocr_carea' id='block_1_31' title="bbox 1304 5368 2039 5570">
    <p class='ocr_par' dir='ltr' id='par_1_46' title="bbox 1304 5368 2039 5570">
     <span class='ocr_line' id='line_1_88' title="bbox 1306 5368 1937 5444; baseline 0 -1"><span class='ocrx_word' id='word_1_432' title='bbox 1306 5368 1382 5443; x_wconf 90' lang='lat' dir='ltr'><strong>Cur</strong></span> <span class='ocrx_word' id='word_1_433' title='bbox 1392 5372 1497 5443; x_wconf 91' lang='lat' dir='ltr'><strong>multi</strong></span> <span class='ocrx_word' id='word_1_434' title='bbox 1511 5373 1664 5444; x_wconf 87' lang='lat' dir='ltr'><strong>lacerare</strong></span> <span class='ocrx_word' id='word_1_435' title='bbox 1680 5396 1754 5442; x_wconf 93' lang='lat' dir='ltr'><strong>non</strong></span> <span class='ocrx_word' id='word_1_436' title='bbox 1768 5385 1937 5444; x_wconf 86' lang='lat' dir='ltr'><strong>verentur</strong></span> 
     </span>
     <span class='ocr_line' id='line_1_89' title="bbox 1304 5469 2039 5570; baseline -0.003 -23"><span class='ocrx_word' id='word_1_437' title='bbox 1304 5469 1455 5562; x_wconf 88' lang='lat' dir='ltr'><strong>Coetus,</strong></span> <span class='ocrx_word' id='word_1_438' title='bbox 1478 5471 1568 5570; x_wconf 87' lang='lat' dir='ltr'><strong>quos</strong></span> <span class='ocrx_word' id='word_1_439' title='bbox 1580 5471 1679 5548; x_wconf 85' lang='lat' dir='ltr'><strong>Deus</strong></span> <span class='ocrx_word' id='word_1_440' title='bbox 1698 5497 1771 5547; x_wconf 87' lang='lat' dir='ltr'><strong>csse</strong></span> <span class='ocrx_word' id='word_1_441' title='bbox 1785 5473 1890 5548; x_wconf 89' lang='lat' dir='ltr'><strong>iussit</strong></span> <span class='ocrx_word' id='word_1_442' title='bbox 1902 5475 2039 5549; x_wconf 81' lang='lat' dir='ltr'><strong>unum?</strong></span> 
     </span>
    </p>
   </div>
   <div class='ocr_carea' id='block_1_32' title="bbox 0 0 2382 6183">
    <p class='ocr_par' dir='ltr' id='par_1_47' title="bbox 0 0 2382 6183">
     <span class='ocr_line' id='line_1_90' title="bbox 0 0 2382 6183; baseline 0 0"><span class='ocrx_word' id='word_1_443' title='bbox 0 0 2382 6183; x_wconf 95' lang='lat' dir='ltr'><strong> </strong></span> 
     </span>
    </p>
   </div>
  </div>
 </body>
</html>
