4738 6186
112 325 187 401 su
683 317 1114 402 uersauuaauu
1166 319 1272 396 ura.
1300 317 1400 396 xuc
1441 315 1587 396 essa.
1881 421 1886 430 Ι
2084 327 2158 407 aas

111 497 215 574 ἅπαν
233 495 276 572 τὸ
294 493 461 597 χρηστὸν
486 495 556 595 τὴν
584 499 669 594 ἴσην
701 497 772 592 ἔχει
800 489 929 597 φύσιν.
990 491 1108 565 Dileri
1160 495 1228 566 bus
1252 495 1421 568 omuibus
1454 510 1488 568 ct
1514 497 1716 570 recentibus
1742 501 1893 595 scriptis.
1949 501 2158 588 Considera,

110 597 337 697 Ruttr'ngum
361 627 474 674 annos
496 603 748 696 quadraginta:
773 625 839 672 nec
860 597 1108 670 benevolentia
1161 599 1326 684 obsecro,
1352 599 1557 692 coecitatem
1580 615 1614 672 et
1637 603 1803 675 odiorum
1822 605 2028 679 violentiam
2047 634 2087 682 ac
2103 611 2158 680 vi-

112 728 194 796 erge
211 705 329 797 ipsum
344 729 422 776 mea
438 705 667 796 extinguitur,
695 704 801 776 etiam
819 702 931 774 sicubi
950 699 1110 770 fortassis
1155 699 1373 787 rulentiam,
1414 715 1455 773 ut
1481 702 1537 772 vel
1564 718 1723 776 evertant
1749 707 1806 775 vel
1828 707 2040 783 labefactent
2061 737 2158 800 eum,

112 831 206 878 ame
229 808 410 894 dissentit,
433 831 635 903 quanquam
659 807 822 878 nondum
840 805 934 891 scio,
959 803 1046 897 quid
1070 801 1109 870 in
1162 825 1267 895 quern
1295 804 1401 874 semel
1427 805 1543 874 odisse
1571 821 1762 899 coeperunt
1790 809 1923 904 absque
1945 813 2022 882 ullo
2044 813 2156 906 ipsius

113 913 245 980 nostris
268 911 452 982 sententiis
474 911 660 984 desideret.
714 907 847 978 Filium
865 931 950 976 vero
975 919 1008 976 ct
1025 929 1108 997 pro·
1161 903 1298 988 merito,
1316 906 1446 1000 quibus
1459 907 1558 976 nulla
1574 908 1643 978 alia
1656 911 1844 1000 excogitari
1861 927 2002 1004 possent
2016 935 2166 986 arcum:

112 1027 193 1106 pter
210 1025 394 1104 paternam
410 1013 616 1102 amicitiam,
643 1027 676 1082 et
694 1025 841 1105 propter
854 1008 1017 1101 proprias
1035 1007 1110 1076 vir·
1159 1007 1356 1078 modatiora
1374 1021 1409 1078 et
1432 1009 1624 1078 efficaciora
1648 1011 1711 1082 toti
1736 1035 1860 1084 carnae
1877 1030 2018 1086 nostrae
2033 1019 2154 1089 defor-

111 1127 207 1186 tutes
233 1115 436 1206 complexus
459 1138 557 1199 sum,
589 1127 625 1185 et
645 1127 685 1184 ut
707 1138 825 1184 meum
849 1113 961 1182 filiurn
986 1109 1107 1200 diligo.
1160 1110 1359 1181 mandaret
1384 1111 1649 1201 opprimendae.
1701 1111 1857 1184 Dissidia
1878 1141 1951 1188 esse
1970 1121 2064 1190 inter
2085 1145 2153 1190 no-

114 1217 197 1288 Scio
215 1239 296 1288 eum
315 1212 494 1286 Ecclesiae
510 1229 646 1287 vestrae
664 1239 875 1287 consensum
894 1229 929 1284 ct
946 1212 1106 1303 amplecti
1161 1225 1251 1281 suos
1269 1211 1339 1281 iam
1358 1211 1493 1282 dudum
1510 1215 1694 1286 clamitant
1714 1217 1927 1300 adversarii,
1955 1215 2080 1316 bisque
2096 1224 2153 1292 vel

113 1333 149 1391 et
171 1318 265 1390 tueri
287 1331 322 1388 et
344 1318 495 1388 maxime
518 1332 643 1410 optare
656 1333 696 1390 ut
713 1331 854 1388 aeterna
870 1316 915 1386 sit
931 1309 1108 1386 Ecclesia·
1160 1314 1245 1382 solis
1260 1314 1411 1382 maxime
1426 1338 1491 1384 nos
1509 1331 1647 1406 urgent.
1701 1316 1801 1406 Quae
1819 1321 1891 1390 sint
1913 1321 1996 1391 illae
2015 1323 2152 1394 dissen-

113 1445 195 1492 rum
212 1433 414 1490 nostrarum
434 1420 650 1492 coniunctio.
703 1419 824 1512 Quare
847 1433 880 1490 te
894 1441 959 1488 oro
974 1431 1014 1486 ut
1028 1439 1109 1486 cum
1160 1418 1278 1486 siunes
1301 1417 1476 1508 explicant
1499 1417 1556 1488 isti
1586 1419 1732 1510 prolatis
1755 1419 1860 1492 etiam
1891 1435 1924 1493 et
1951 1423 2152 1515 publicatis,

114 1537 148 1593 et
174 1520 420 1614 complectaris
443 1535 477 1592 et
495 1547 623 1592 ornare
644 1525 797 1598 studeas.
848 1515 901 1592 Ea
925 1533 976 1592 est
999 1520 1109 1610 ipsius
1161 1531 1334 1612 quantum
1355 1519 1533 1610 intelligo,
1553 1523 1690 1591 arcanis
1709 1524 1921 1614 quibusdam
1938 1526 2023 1596 inde
2040 1549 2153 1622 usque

114 1623 333 1708 moderatio,
356 1637 396 1694 ut
413 1625 456 1694 de
472 1625 698 1714 dogmatibus
713 1649 794 1696 cum
813 1621 918 1694 Patre
933 1616 1107 1690 nihildis-
1160 1621 1206 1690 ab
1234 1620 1338 1690 initio
1363 1633 1541 1692 motorum
1563 1625 1814 1710 certaminum,
1841 1649 1886 1694 ne
1907 1627 1994 1721 quid
2015 1628 2154 1700 deficiat

115 1740 305 1820 putaturus
328 1727 394 1808 sit,
426 1750 496 1820 qua
513 1731 557 1794 de
573 1751 611 1797 re
628 1740 824 1818 congruent
843 1741 923 1798 tuae
944 1723 1108 1794 admoni—
1160 1717 1295 1808 hostes,
1322 1747 1393 1814 quo
1413 1747 1477 1793 nos
1494 1725 1681 1796 conficiant
1699 1739 1732 1796 et
1749 1727 1924 1818 iugulent.

116 1831 231 1898 tiones
253 1852 333 1899 cum
357 1827 455 1901 meis.
509 1827 693 1901 ‘l'ueamur
721 1829 1011 1900 coniunctionem
1042 1849 1109 1894 nu-
1263 1823 1334 1896 Sed
1354 1820 1440 1896 baec
1465 1851 1536 1920 quo
1562 1827 1737 1898 tendunt?
1768 1853 1885 1922 quove
1908 1853 2052 1900 evasura
2069 1845 2153 1902 suut

115 1945 224 2000 stram
243 1942 385 2022 propter
399 1931 547 2020 gloriam
566 1931 651 2001 Filii
667 1930 745 2013 Dei,
771 1945 805 2002 et
820 1927 996 2001 Ecclesiae.
1013 1927 1109 1996 salu-
1161 1927 1331 2000 taudem?
1382 1925 1496 1998 Senex
1527 1942 1647 2000 noster
1671 1951 1874 2026 quanquam
1897 1931 1956 2002 vix
1987 1931 2155 2024 spiritum

115 2047 208 2118 tem,
234 2057 298 2101 nec
313 2034 519 2120 frangamur
536 2035 665 2102 animis
682 2047 827 2126 propter
843 2025 1110 2126 Sycophantias,
1161 2029 1260 2100 ducit
1272 2024 1315 2121 2),
1340 2043 1458 2100 umen
1476 2031 1505 2099 si
1521 2031 1628 2102 fuerit
1643 2033 1675 2100 ei
1689 2033 1787 2102 illata
1801 2033 1987 2104 necessitas
2002 2056 2075 2104 sese
2090 2034 2154 2103 de-

115 2157 206 2227 quas
236 2133 332 2204 Deus
360 2133 466 2202 etiam
497 2135 689 2226 aliquando
720 2135 899 2205 refutabit.
952 2129 1049 2200 Rene
1076 2146 1110 2202 ct
1161 2131 1345 2216 fundendi,
1370 2131 1478 2216 dicet,
1503 2157 1592 2225 quae
1606 2135 1675 2224 piis
1689 2147 1725 2204 et
1740 2136 1931 2205 moderatis
1946 2134 2154 2227 probabun-

113 2234 292 2303 foeliciter
319 2233 406 2308 vale.
463 2233 579 2305 Filius
604 2235 671 2306 Dei
699 2249 808 2307 tutam
831 2233 1024 2306 Ecclesiam
1049 2257 1110 2302 ve·
1162 2250 1239 2319 tur,
1273 2244 1454 2326 utcunque
1483 2233 1582 2326 plebs
1611 2235 1745 2304 furiosa
1773 2237 2031 2322 tumultuetur,
2063 2260 2155 2330 quae

112 2349 226 2404 stram
243 2335 422 2426 publicam
439 2347 474 2406 et
495 2349 592 2407 tuam
610 2339 836 2409 domesticam
856 2349 981 2408 servet.
1033 2332 1109 2407 Cal.
1162 2336 1247 2428 quid
1273 2347 1325 2404 est
1348 2333 1446 2404 aliud
1471 2358 1577 2428 quam
1603 2337 1727 2408 concio
1749 2338 1891 2422 ovium,
1925 2351 1964 2408 ut
1987 2350 2040 2408 est
2059 2340 2155 2430 apud

115 2437 270 2526 Augusti
291 2430 341 2530 *).
1166 2431 1458 2529 Aristophanem,
1498 2438 1554 2506 cui
1584 2433 1790 2537 δημηγορεῖ
1816 2433 1984 2534 paleira
2012 2435 2155 2512 nordo-

628 2536 817 2636 Pliilippus
835 2537 1060 2618 Melantbon.
1163 2531 1312 2635 redeptus
1329 2535 1465 2630 ἔχουσα
1482 2533 2049 2636 portrtpncrrpwpetqettc').
2083 2539 2157 2612 Sed

1165 2665 1227 2732 per
1241 2634 1469 2710 Androclum
1484 2639 1561 2712 Deo
1577 2643 1719 2714 volente
1736 2643 1850 2734 plura.
1903 2635 2110 2712 Oliverium
2127 2639 2158 2736 ⁴)
2234 2655 2246 2672 “

1165 2758 1200 2814 et
1222 2745 1360 2834 placere
1383 2743 1483 2813 vobis
1507 2759 1542 2816 et
1564 2767 1628 2814 suo
1649 2757 1742 2814 recte
1764 2745 1865 2836 fungi
1884 2767 2030 2816 munere
2044 2745 2158 2816 laetor

118 2903 313 2984 Nonfim
598 2913 606 2921 ,
977 2929 1007 2985 ¹·
1026 2916 1112 3001 Aug.
1165 2859 1198 2917 et
1211 2841 1287 2916 Deo
1304 2845 1433 2935 gratias
1448 2867 1523 2935 ago.
1574 2844 1649 2918 Cal.
1668 2844 1758 2936 Aug.
1880 2913 1887 2924 ,

125 3005 300 3036 m
984 3011 1103 3036 Μ

265 3109 493 3196 Peucestes
522 3111 588 3196 ud
607 3111 972 3225 Baomgarnser·
1167 3181 1233 3256 No.
1251 3177 1364 3254 6565.
2022 3193 2055 3258 5.
2070 3185 2158 3271 aug.

199 3283 275 3340 naar.
287 3289 316 3337 a
329 3283 497 3355 susagapao
511 3283 664 3342 estana
679 3285 810 3343 sennua
824 3286 941 3346 aaran.
961 3288 1010 3346 ιν.
1029 3309 1056 3364 ρ,
1071 3289 1114 3346 ra.
1173 3277 1346 3312 ’Μ’
2031 3279 2160 3307 ⁴*

176 3437 353 3538 Epistola
388 3433 623 3539 Corporis
656 3437 853 3514 Proceri
885 3445 1064 3544 inscripta
1446 3367 1523 3455 ω’
1556 3369 1880 3456 Buchhdzm·

123 3541 408 3638 Hieronymo
433 3539 830 3640 Boumgnrtnero,
857 3543 1034 3618 Senatori
1056 3548 1115 3618 in·
1225 3553 1257 3634 ¹t
1274 3547 1810 3622 uapogr.tneod.t’un.u.t..ss⁸.

264 3645 386 3742 ‘¹7¹⁰‘
400 3639 576 3743 RWWM·
590 3643 753 3720 N⁰'‘⁶⁰⁰
767 3671 976 3749 f'mmfm'
1168 3701 1382 3777 Reverendo
1405 3703 1499 3790 viro,
1524 3699 1729 3774 eruditione
1751 3713 1783 3774 et
1800 3703 1930 3776 virtute
1941 3702 2164 3802 praestanti,

123 3787 174 3872 S.
189 3793 235 3871 D.
268 3795 470 3868 Clarissime
485 3799 551 3882 vir,
576 3814 726 3890 patrone
741 3815 942 3872 reverenter
959 3801 1118 3874 colende.
1170 3805 1223 3880 D.
1241 3801 1447 3902 Georgia
1463 3801 1533 3876 Bu
1545 3797 1839 3892 ebholtmo,
1865 3799 2019 3876 Pastori
2034 3801 2164 3876 Eccle.

123 3901 324 3974 Cunctaute
345 3893 610 3998 Andreofo'),
645 3916 679 3973 et
700 3901 818 3972 nescio
841 3927 928 3995 quas
957 3915 1118 3974 nectente
1196 3909 1275 3984 siae
1298 3907 1378 3980 Dei
1397 3907 1438 3979 in
1460 3903 1603 4004 inclyta
1633 3905 1720 3978 urhe
1740 3909 1898 3994 Arctoa,
1919 3905 2046 4008 fratri
2071 3929 2139 3978 suo

125 4023 263 4086 moras,
306 3995 370 4071 has
401 4001 484 4071 dedi
524 4003 658 4076 interca
697 4005 816 4076 literas
851 4003 904 4079 M.
938 3997 1120 4098 Ratingo,
1599 4010 1729 4086 coriss.
1960 4035 1970 4044 ·

125 4120 187 4188 ut,
219 4125 300 4173 curu
324 4103 424 4174 nulla
454 4089 524 4175 alia
548 4129 586 4176 re
608 4107 759 4198 possim,
792 4101 860 4177 hoc
881 4107 1120 4204 qualicunque

126 4203 245 4278 officio
279 4203 460 4275 literarum
494 4231 612 4277 meum
649 4209 717 4278 tibi
743 4207 900 4278 studium
935 4209 1121 4289 declarem,

128 4307 336 4402 praesertim
360 4307 404 4376 iis
427 4308 642 4393 wibemm’
676 4333 766 4402 quae
790 4315 833 4380 ad
856 4335 1015 4382 mmm
1041 4333 1122 4402 per-
1175 4383 1234 4438 tur
1249 4365 1368 4438 morbi
1384 4367 1489 4450 saevi,
1515 4366 1577 4458 qui
1593 4367 1724 4437 multos
1741 4365 1964 4434 interficiant.
2015 4359 2167 4432 Librum

128 4421 283 4548 ‘'uem'‘
476 4528 494 4546 .
624 4529 633 4546 ,
757 4531 765 4546 ,
908 4533 917 4549 ‚
1023 4533 1031 4550 ,
1095 4533 1104 4550 ,
1176 4467 1461 4540 Wimariensem
1479 4491 1521 4536 ex
1538 4481 1658 4536 nostra
1675 4467 1756 4538 aula
1773 4479 1935 4557 expecto,
1961 4485 2067 4555 quem
2084 4486 2165 4533 tum

236 4527 283 4600 Os
299 4525 526 4598 Μεθωναιοι
542 4527 712 4600 fabricam
729 4531 792 4600 diu
809 4555 917 4622 pressi
934 4557 1051 4624 operta
1067 4527 1124 4602 ha·
1176 4571 1318 4642 audiam
1343 4583 1460 4639 „ma
1483 4563 1699 4659 ,ophqsmffl
1724 4566 1861 4637 nnita
1884 4577 2058 4655 repetere,
2092 4587 2168 4634 non

131 4629 254 4702 storici
277 4629 396 4698 ordini
421 4629 590 4700 dicuntur
613 4654 752 4700 acausa
767 4627 992 4716 Lutlterana,
1019 4657 1125 4723 argu-
1177 4674 1280 4742 valde
1305 4693 1386 4740 eum
1415 4669 1589 4742 despdem·
1647 4665 1734 4738 fleri
1756 4660 2098 4764 Semcksgldianum
2122 4665 2169 4735 li.

130 4746 256 4803 mento
275 4745 309 4802 et
328 4743 494 4801 contextu
511 4731 595 4814 tali,
627 4745 715 4850 utet
733 4737 878 4852 quando
894 4736 1124 4852 diqseraserint
1176 4777 1283 4846 hrum
1297 4785 1420 4842 comm
1435 4795 1491 4840 me
1507 4771 1678 4862 ,criptum
1696 4769 1831 4860 παρη,
1858 4769 1896 4836 5„
1911 4793 1983 4862 quo
2000 4779 2170 4860 regemn,

131 4826 327 4904 Lotfserus
347 4845 381 4903 et
402 4847 541 4913 noster,
568 4847 603 4902 et
625 4836 688 4904 ubr
713 4847 897 4906 seutentus
916 4839 1127 4928 discrepent,

132 4949 430 5020 commemorent,
463 4947 498 5005 et
524 4929 736 5033 ἀντιλογίας
769 4959 893 5006 omnes
924 4931 1010 5006 hinc
1042 4939 1127 5008 inde

132 5037 350 5132 conquirant
370 5059 409 5108 ac
433 5037 624 5130 decerpant
646 5037 815 5124 sollicite,
842 5039 979 5109 collatis
1001 5041 1128 5110 veteri-

134 5191 361 5216 m

1173 4149 1221 4240 S.
1246 4159 1291 4233 D.
1344 4157 1554 4233 Reverende
1574 4161 1630 4230 vir
1653 4175 1688 4231 et
1710 4161 1828 4236 carisa.
1845 4161 1963 4235 frater.
2014 4159 2082 4232 Dei
2102 4159 2167 4230 be-

1174 4265 1300 4338 neficio
1316 4259 1374 4334 bic
1390 4261 1579 4332 mediocris
1603 4264 1842 4356 tranquillitas
1859 4276 1929 4348 est,
1952 4285 2017 4332 nec
2034 4283 2167 4350 vagan-

1184 5031 1409 5045 *ιι-ι...

1213 5115 1242 5182 2)
1263 5112 1325 5170 vid.
1338 5129 1383 5186 ep.
1399 5113 1433 5168 ad
1447 5109 1598 5166 Nessenum
1613 5109 1642 5165 d.
1657 5109 1697 5164 16.
1711 5109 1772 5168 lun.

1214 5201 1245 5271 b)
1262 5199 1333 5256 Sunt
1346 5197 1427 5252 rerba
1441 5193 1614 5266 Aristophan.
1627 5191 1657 5248 io
1672 5193 1755 5265 Vesp.
1768 5191 1812 5247 85.
1825 5190 1868 5246 ed.
1882 5189 2000 5246 brunei.
2014 5191 2097 5248 baec:

171 5291 199 5354 r)
219 5281 281 5340 atu
297 5295 393 5336 manus
407 5275 565 5350 adscripsitr
586 5278 661 5336 1⁵58.
1386 5277 1502 5348 sincere
1519 5281 1628 5339 reiense
1645 5284 1705 5341 scic
1721 5273 1888 5347 προβάτοισι
1903 5293 1953 5342 μοι
1971 5273 2056 5334 'dien

174 5377 199 5440 t)
217 5369 282 5424 Sine
303 5363 387 5420 dubio
408 5359 479 5416 filius
496 5363 641 5430 Andreas,
662 5361 773 5432 onorii,
790 5363 839 5436 qni
860 5363 962 5417 multos
981 5381 1083 5433 sonos,
1100 5373 1131 5420 nt
1384 5351 1555 5424 fatttyettfv
1573 5347 1701 5423 φᾶίαῑνῠ
1716 5341 1930 5416 witttttltt’m.

209 5459 239 5492 er
254 5431 375 5508 epistolis
391 5429 458 5490 Mel,
475 5429 649 5506 intelligitur,
667 5431 822 5488 tabellarius
841 5429 893 5488 fuit
914 5431 986 5486 inter
1003 5433 1131 5489 Vitrber·
1386 5420 1491 5490 lxm!
1508 5431 1561 5476 016-

209 5525 270 5576 ⁸²¹⁰
287 5514 315 5556 ²¹
328 5499 535 5572 Nffll'b‘fss‘m·
1217 5505 1250 5572 4)
1268 5503 1423 5560 Olireriusn
1442 5501 1529 5560 boel.

142 5590 325 5654 bles-sara.
355 5580 460 5647 Orsa.
485 5579 570 5646 Vos..
597 5579 660 5644 lX.
1543 5575 1594 5646 37

1177 4889 1237 4946 tur
1254 4871 1489 4946 contumeliae
1510 4871 1697 4940 ministerii
1722 4866 1950 4961 Evangelici,
1985 4883 2017 4938 et
2042 4871 2168 4961 depra-
2224 4958 2227 4970 1
