4690 6206
86 375 164 454 985

84 545 154 618 No.
171 543 284 616 6888.

94 641 267 674 Μ

377 723 501 814 Abd.
532 722 787 808 Praetorio.

158 909 181 980 †
199 906 235 961 Ex
249 923 345 979 apogr.
357 903 385 958 in
399 901 462 984 eod.
476 901 562 956 Paris.
580 897 616 955 D.
627 895 659 952 1..
676 893 739 950 ⁵4¹.
813 973 816 984 .

113 1061 299 1140 Abdioc
325 1053 596 1138 Praetorio,
621 1046 776 1122 Lectori
794 1048 833 1120 in
858 1043 1058 1120 Academia

413 1149 763 1256 Francosordiana.

85 1309 139 1398 S.
165 1313 210 1389 D.
261 1310 466 1390 Clarissime
497 1308 555 1376 vir
583 1319 617 1376 et
647 1303 765 1375 eac-iss.
793 1301 914 1373 irater.
972 1295 1082 1368 Mitto

85 1424 155 1496 tibi
169 1419 283 1511 capita
306 1409 559 1504 disputationis
574 1404 707 1492 Eberi,
732 1425 823 1500 quae
845 1425 926 1471 curn
947 1400 1081 1470 scribe-

88 1551 186 1602 rem,
213 1541 314 1612 saepe
332 1513 482 1606 cogitavi
503 1513 611 1582 illud:
637 1503 701 1580 καὶ
724 1500 799 1600 μῦς
820 1496 930 1576 δάκοι
957 1497 1080 1594 ἄνδρα

88 1624 250 1703 δίκαιον.
305 1617 359 1688 Te
382 1641 468 1701 oro,
494 1628 534 1684 ut
556 1612 715 1702 exempla
739 1624 882 1680 tuarum
903 1603 1081 1674 defensio-

89 1753 178 1800 num
200 1723 304 1793 nobis
327 1720 456 1790 mittas.
515 1711 607 1787 Cum
632 1727 721 1783 esset
742 1711 781 1779 in
805 1731 885 1778 arce
910 1701 1078 1775 Lochana

88 1829 235 1906 Elector
266 1817 490 1904 Marchicus,
533 1817 725 1886 clementer
764 1833 902 1881 mecum
941 1809 1080 1877 locutus

70 1981 73 1988 ·
91 1949 144 2005 est
155 1925 215 2027 ‘),
237 1928 298 1996 sed
318 1921 502 2017 praecipue
517 1921 560 1989 de
574 1911 768 1990 Victorino
783 1906 846 1984 καὶ
863 1903 944 2004 περὶ
962 1901 1080 2008 ἀνάγ-

89 2061 155 2128 κης
173 2033 345 2120 οτωϊκῆς,
373 2047 479 2118 wem
495 2034 530 2090 et
549 2023 622 2110 ipse
636 2011 929 2106 reprehendebat.
970 2009 1080 2080 Tem-

91 2157 160 2224 pus
176 2131 357 2218 impediit,
381 2149 451 2216 quo
468 2123 586 2188 minus
599 2113 662 2188 καὶ
676 2111 757 2214 περὶ
772 2107 986 2209 μυομαχίας
1000 2137 1079 2183 cum

90 2259 132 2304 eo
150 2234 321 2323 loquerer.
372 2223 590 2313 Properabat
605 2220 701 2288 enim
722 2221 766 2288 ad
782 2217 1020 2299 venationem,
1045 2227 1080 2284 cl

90 2359 148 2404 me
165 2330 351 2402 revocabat
365 2340 504 2416 tempus
521 2321 755 2392 renunciandi
776 2317 981 2391 testimonii.
1008 2315 1080 2417 Sed

89 2439 153 2507 ubi
174 2433 305 2508 sciero,
338 2426 424 2520 quid
447 2439 564 2494 actum
588 2426 633 2492 sit
655 2425 849 2505 intervos,
876 2419 1081 2490 deliberabo

89 2554 228 2619 tecum,
261 2534 304 2602 ad
334 2549 422 2622 qnos
448 2527 674 2596 scribendum
708 2527 764 2599 sit.
830 2521 888 2592 Tu
914 2521 951 2588 in
978 2541 1081 2589 causa

89 2641 226 2732 optima
258 2629 472 2727 conscientia
507 2641 622 2698 rectae
649 2625 843 2696 sententiae
869 2636 903 2693 et
928 2623 1083 2714 optimae
1156 2681 1166 2698 ,
1194 2681 1204 2700 ,

88 2737 284 2832 voluptatis
305 2749 339 2805 te
363 2733 485 2820 erigas.
536 2729 634 2800 Beue
648 2731 724 2800 vale
748 2741 784 2800 et
798 2726 964 2796 rescribe.
1015 2723 1082 2795 Die

87 2844 264 2925 Brumae,
294 2833 403 2913 1659.

150 2979 153 2988 ·
811 2927 1011 3023 Philippus.

89 3173 916 3212 ‘mmo—“mmnffl
925 3173 968 3182 ...a
976 3175 981 3182 ι
996 3173 1060 3183 ω...

103 3339 172 3412 No.
185 3332 299 3408 6881.

96 3433 310 3472 Μ

365 3491 589 3585 Andreae
605 3519 636 3576 ο
651 3489 792 3608 Becp.

160 3687 184 3758 ᾗ
201 3681 239 3737 Ex
251 3695 346 3752 apogr.
359 3673 390 3730 ia
402 3672 465 3731 eod.
481 3671 566 3727 Paris.
581 3667 661 3727 Ι).1..
674 3665 735 3724 5⁴⁸.

920 3321 1081 3440 eno

95 3834 321 3922 Venerando
337 3833 433 3922 viro,
449 3825 652 3904 eruditione
669 3833 701 3898 el
720 3818 1083 3996 eirlulpiproestanti,¹

90 3943 147 4026 D.
169 3937 385 4016 Andreae
411 3961 437 4008 ο
463 3931 608 4027 Berg,
648 3923 804 4000 Pastori
866 3921 1017 3998 celaia,
1040 3921 1080 3994 ,ᾖ

442 4034 530 4109 urbe
558 4029 731 4128 Sagana,

90 4169 143 4259 S·
168 4179 214 4256 D.
263 4169 478 4248 Venerande
507 4167 564 4240 vir
586 4183 622 4240 et
652 4166 770 4240 carias.
791 4163 911 4234 irater.
967 4158 1082 4232 Filius

90 4285 186 4372 Dei,
217 4279 385 4352 dominus
416 4285 539 4344 noster
558 4273 655 4342 lesos
673 4264 856 4353 Christus,
888 4263 995 4334 alicui
1017 4261 1082 4335 tri-

89 4391 178 4462 bnet
201 4379 396 4474 hospitium
419 4387 456 4446 et
477 4369 658 4444 Ecclesiae
681 4393 765 4442 suae
789 4383 824 4440 et
845 4367 914 4460 piis
931 4365 1081 4459 pastori·
1133 4341 1333 4470 QG·

90 4493 170 4564 bus.
220 4483 340 4558 Etiam
362 4477 604 4551 Nazianzenus
619 4471 782 4568 Bysantii
805 4469 928 4541 docuit
948 4469 986 4538 in
1008 4469 1083 4539 exi-

91 4611 163 4686 guo
185 4587 313 4658 sacello
331 4581 524 4652 exclususa
540 4575 692 4668 templo,
717 4573 814 4668 qnod
836 4573 885 4641 ibi
909 4571 1024 4642 mains
1048 4583 1082 4642 et

91 4689 280 4788 Episcopis
294 4684 506 4758 attributum
522 4691 610 4750 erat.
659 4674 700 4744 si
723 4667 890 4744 monachi
913 4673 1021 4744 vestri
1046 4685 1081 4744 te

92 4789 313 4890 expulerint,
339 4789 382 4858 ad
406 4807 472 4854 nos
486 4784 628 4862 redeas,
655 4777 738 4872 quia
756 4797 879 4867 spero,
904 4773 1019 4845 Deum
1041 4777 1079 4844 in

91 4895 150 4972 bis
165 4893 369 4986 regionibus
385 4897 606 4958 servaturum
622 4902 696 4950 esse
714 4901 817 4948 verae
830 4871 1011 4948 Ecclesiae
1024 4899 1081 4944 re·

91 5003 243 5098 liquias,
267 5017 346 5063 cum
362 4991 543 5060 videamus
560 4997 612 5056 tot
638 4981 707 5052 iam
731 5001 844 5052 annos
868 4976 1083 5048 mirabiliter

92 5101 152 5178 bie
173 5091 328 5174 servatas
348 5115 421 5162 csse
441 5091 609 5160 adversus
631 5081 868 5154 fanaticorum
890 5078 1025 5150 rabiem
1048 5093 1082 5150 et

92 5231 190 5282 arma
213 5197 452 5272 inimicorum.
513 5189 567 5264 De
589 5183 857 5260 Beneventum
880 5206 943 5252 oro
966 5179 1080 5250 filium

90 5385 300 5418 W

128 5481 158 5543 ⁸)
191 5467 398 5528 Melanthum
414 5461 524 5520 ueta
542 5463 625 5518 iulsse
647 5461 673 5516 d.
689 5457 732 5516 80.
746 5457 819 5522 Not.
834 5455 862 5512 lt.
875 5469 901 5512 Ι.
920 5451 1083 5526 lntcssigltse

162 5563 192 5600 ss
204 5562 247 5616 ep.
258 5543 290 5596 ad
303 5535 468 5594 encastum
484 5533 512 5590 tl.
526 5531 555 5592 d.
568 5532 612 5590 29.
626 5531 699 5590 Not.

649 359 1092 444 EPISTOLARUM
1141 357 1251 434 LlB.
1283 355 1388 436 11111.
1442 351 1575 436 1559.

903 538 935 606 d.
953 539 1085 598 brumae.

2053 355 2131 442 985

1138 525 1225 616 Dei,
1249 529 1436 602 dominum
1457 541 1621 602 nostrum
1644 525 1761 600 lesum
1782 523 1986 609 Christum,
2012 527 2129 598 eruci·

1139 632 1248 704 lixum
1273 657 1339 725 pro
1360 633 1466 704 nobis
1487 645 1522 704 et
1542 632 1808 716 resuscitatum,
1844 645 1885 702 ut
1908 641 2008 702 sanet
2035 653 2127 706 eum.

1138 715 1272 826 Magno
1295 761 1375 807 cum
1398 736 1522 808 dolore
1543 747 1641 806 tuam
1665 733 1906 806 narrationem
1927 755 1992 822 ego
2015 732 2126 802 etalii

1138 837 1299 928 legimus.
1350 836 1458 910 Mitto
1479 837 1545 910 tibi
1571 851 1607 908 et
1628 830 1759 908 Severo
1781 837 1893 928 capita
1915 834 2127 927 disputatio-

1138 941 1194 1008 nis
1213 941 1413 1033 proximae,
1448 943 1492 1012 de
1513 939 1644 1034 quibus
1665 941 1785 1032 flagito
1812 949 1914 1010 tuum
1941 937 2126 1008 iudicium.

1138 1038 1258 1113 Vicini
1276 1045 1389 1114 nostri
1403 1045 1440 1112 in
1458 1042 1634 1134 Turiogia
1647 1067 1776 1113 novam
1791 1041 1967 1138 synodum
1993 1061 2126 1108 convo-

1135 1159 1235 1231 cant,
1259 1160 1300 1215 ut
1317 1171 1379 1217 sua
1396 1147 1533 1216 decreta
1551 1145 1660 1215 stoica
1677 1153 1893 1235 exasperent.
1931 1139 2029 1212 Bene
2047 1137 2125 1209 vale

1135 1257 1169 1320 et
1182 1249 1349 1322 rescribe.
1398 1245 1466 1319 Die
1485 1244 1544 1320 14.
1559 1247 1726 1319 Decemb.
1745 1242 1854 1321 1559.

1776 1379 1968 1474 Philippus
1986 1375 2074 1450 Mel.

1736 1617 2118 1640 Μ

1131 1787 1198 1862 Νο.
1214 1727 1330 1866 6885.

1138 1885 1312 1918 w

1963 1781 2127 1900 raeco

1425 1985 1550 2076 Ate.
1578 1977 1846 2072 Praetorio.

1200 2171 1221 2236 †
1238 2165 1276 2222 Ex
1287 2183 1388 2240 apogr.
1402 2164 1431 2219 in
1445 2163 1507 2220 cod.
1521 2161 1608 2218 Paris.
1625 2161 1663 2218 D.
1675 2159 1706 2217 L.
1722 2161 1756 2216 51
1766 2165 1791 2220 ¹.

1159 2321 1347 2398 Abdiae
1370 2320 1646 2404 Praetorio,
1669 2315 1823 2394 Lectori
1843 2325 1884 2396 in
1902 2321 2104 2398 Academia

1450 2419 1800 2524 Francosordiana.

1135 2563 1185 2654 S.
1207 2575 1252 2650 Il.
1301 2575 1445 2650 Clarias.
1466 2579 1523 2648 vir
1543 2591 1578 2650 et
1598 2575 1718 2650 cariss.
1745 2577 1862 2649 irater.
1914 2575 1983 2648 Hic
2007 2588 2129 2648 noslet'

1135 2703 1224 2752 crvss
1239 2681 1352 2772 pergit
1367 2681 1405 2750 in
1427 2681 1581 2751 vicinam
1601 2680 1702 2750 vobis
1716 2677 1939 2766 Borussiam3
1967 2681 2050 2749 dedi
2073 2695 2126 2750 ta-

1136 2807 1219 2852 men
1236 2783 1267 2850 ei
1283 2783 1423 2868 literas,
1449 2784 1536 2876 quin
1552 2782 1706 2852 libenter
1732 2795 1846 2852 tecum
1867 2783 2026 2875 qnotidie
2051 2784 2126 2851 col-

1137 2886 1313 2979 loquerer.
1373 2881 1493 2955 Audio
1519 2884 1656 2954 vicinos
1681 2895 1822 2954 nostros
1846 2881 1993 2979 Hyenae
2016 2909 2125 2979 syno-

1136 2989 1222 3057 dum
1233 2983 1489 3058 convocaturos
1505 3009 1597 3068 esse,
1622 2998 1664 3056 ut
1688 3007 1751 3056 sua
1773 2985 1881 3057 stoica
1906 2987 2044 3056 decreta
2066 3010 2127 3055 es-

1136 3103 1319 3181 asperent,
1354 3105 1388 3162 et
1408 3089 1567 3161 fortassis
1589 3112 1631 3158 eo
1653 3101 1833 3159 accensent
1856 3083 1924 3160 τὸν
1939 3091 2070 3184 μῶρον
2087 3081 2123 3178 1)

1135 3205 1172 3262 et
1185 3184 1433 3277 Hcsltusium,
1458 3191 1522 3286 qui
1536 3215 1633 3260 nunc
1649 3187 1815 3260 Bremam
1834 3191 1952 3274 venit,
1976 3202 2010 3260 el
2026 3187 2129 3274 alios,

1135 3307 1177 3364 ut
1209 3294 1344 3386 populo
1371 3315 1540 3364 numerus
1572 3293 1679 3363 etiam
1704 3293 1826 3362 lucum
1852 3291 1968 3364 iaciat.
2030 3289 2127 3362 Haec

1135 3389 1480 3494 πολυπραγμοσύνη
1500 3420 1576 3464 non
1601 3391 1780 3486 opprimet
1800 3393 1995 3468 veritatem.
2052 3390 2128 3462 Nos

1136 3497 1293 3566 modeste
1310 3499 1468 3568 dicamus
1486 3513 1599 3580 recta,
1624 3507 1658 3564 et
1676 3510 1835 3584 petamus
1852 3507 1886 3563 et
1907 3508 2129 3586 expectemus

1134 3599 1249 3667 ofilio
1273 3598 1341 3670 Dei
1363 3597 1545 3666 auxilium.
1596 3593 1735 3684 Flagito
1759 3595 1803 3666 de
1823 3593 2129 3688 propositionibus

1137 3695 1259 3768 Eberi
1279 3715 1380 3770 tuum
1404 3698 1575 3768 iudicium
1594 3691 1644 3792 ²).
1693 3693 1792 3766 Bene
1809 3697 1885 3768 vale
1905 3709 1940 3769 el
1961 3695 2127 3769 rescribe.

1134 3799 1202 3886 Die
1221 3797 1278 3878 15.
1297 3799 1463 3874 Decemb.
1482 3795 1591 3874 1559.

1877 3911 2080 4010 Philippus.

1965 4341 2128 4462 ¹Q’

1151 4565 1248 4680 (De
1264 4561 1441 4682 synodo
1455 4571 1502 4650 et
1513 4558 1784 4680 foederibus
1798 4553 2106 4671 Principum)

1202 4759 1315 4818 Editom
1342 4777 1357 4814 a
1380 4757 1473 4816 Pesel.
1501 4757 1530 4814 ia
1552 4755 1689 4814 Meliust.
1708 4755 1854 4824 5111111511
1872 4755 2006 4816 manaa
2024 4769 2051 4824 p.
2064 4751 2128 4810 ott.

1237 4828 1439 4887 Contulimass
1461 4829 1580 4902 ogrsphs
1594 4827 1622 4882 ia
1641 4825 1704 4884 eod.
1718 4823 1803 4880 Goth.
1819 4823 1863 4880 91.
1885 4843 1915 4898 p.
1929 4819 1999 4880 72⁸.
2019 4831 2046 4876 et
2065 4819 2127 4880 eod.

1237 4899 1308 4955 Gelli
1324 4899 1361 4954 ll.
1380 4913 1409 4968 p.
1424 4847 1485 4954 tis.
1503 4925 1540 4942 -·
1573 4893 1617 4952 De
1634 4915 1664 4950 re
1684 4895 1741 4966 ipss
1755 4893 1914 4950 conletatur
1930 4893 2059 4962 Galla't
2078 4893 2126 4956 55

1236 4970 1310 5036 llotlt
1328 4973 1372 5028 tte
1388 4969 1488 5038 letati·
1500 4965 1611 5036 6011111.
1626 4963 1661 5024 Τ.
1676 4965 1723 5024 lll.
1740 4983 1767 5038 p.
1781 4963 1904 5038 blosqq.
1924 4969 1951 5018 st
1968 4961 2047 5034 epist.
2063 4961 2127 5016 eu·

1234 5039 1315 5092 dress
1330 5057 1345 5094 s
1360 5037 1469 5110 Bergd.
1487 5031 1629 5092 ΝΜ.

1139 5229 1361 5250 Ἠ

1170 5373 1201 5435 n
1236 5363 1414 5446 noenum
1456 5359 1517 5416 ue.
1536 5333 1608 5416 sara
1627 5377 1670 5434 sp.
1691 5359 1718 5419 a.
1739 5357 1863 5416 stom
1884 5365 1911 5415 a
1933 5357 1961 5416 ο.
1981 5358 2127 5418 saona

1172 5437 1230 5593 nh·
1239 5457 1353 5580 illiceat
1366 5517 1391 5577 el
1407 5517 1488 5574 Elei
1503 5513 1705 5590 propositiones
1718 5513 1763 5570 elis
1775 5513 1889 5570 brumas
1901 5512 1946 5578 (d.
1958 5517 1999 5574 ll.
2007 5515 2106 5580 noca.
