4738 6186
272 316 349 394 ,03
826 290 1260 374 netsronrnum
1308 295 1419 375 nm.
1451 299 1556 385 xnr.
1609 301 1741 382 sess.
1895 295 1898 300 ·
2196 315 2251 390 cn

277 485 470 581 Quomodo
497 493 613 554 autem
642 483 917 546 consentaneum
948 483 1000 540 est
1030 471 1200 562 pauculos
1235 484 1269 540 et
1316 471 1534 572 praeteriti,
1561 472 1665 574 quod
1677 475 1837 576 positum
1854 487 1924 559 est,
1948 475 2046 578 qrrod
2058 469 2253 556 Christusle-

275 594 425 664 miseros
440 605 583 658 errones
598 593 631 648 et
648 576 746 646 velut
759 569 1054 658 seditiosos,Deo
1067 597 1166 644 caros
1177 597 1268 660 ssse3
1318 600 1399 648 scs:
1433 573 1480 648 Si
1500 577 1586 677 quis
1606 575 1986 676 olind'Evongelium
2004 577 2112 671 docet,
2134 581 2254 657 onothe-

278 695 362 766 illos
382 713 466 761 vero
482 687 650 756 florentes
672 676 862 770 sapientia,
887 675 1036 762 virtute,
1062 675 1223 769 imperiis
1248 699 1269 745 a
1320 703 1383 749 ma
1401 676 1464 766 sit,
1514 679 1587 752 Nec
1600 681 1752 752 dubium
1769 697 1820 754 est
1833 679 1952 754 hostes
1968 675 2254 760 EcclesiaeDeiessc

279 795 358 870 Deo
373 793 527 864 abiectos
543 808 634 870 esse,
657 803 737 851 cum
755 779 902 874 quidem
924 778 1027 851 lateri
1049 800 1190 850 necesse
1211 777 1269 863 sit,
1320 780 1522 852 universam
1549 781 1647 852 illam
1675 785 1813 874 generis
1847 780 1996 856 humani
2025 787 2247 860 multitudinem

281 896 434 992 imperia
449 887 622 960 diviniltss
635 880 828 958 constitui?
1321 879 1630 978 quaePropbetica
1639 899 1673 955 et
1682 882 1884 978 Apostolica
1894 841 2258 983 scriptaetSymbolapa:

382 994 519 1070 Deinde
532 991 572 1060 in
585 1010 627 1058 eo
642 986 719 1078 ipso
733 996 857 1069 coetu,
873 980 935 1078 qui
953 1006 1082 1052 nomen
1095 977 1271 1052 Ecclesiae
1321 987 1392 1055 lam
1405 983 1544 1073 abiicit,
1556 985 1723 1059 videlicet
1729 983 1913 1074 Echeleos,
1921 982 2183 1074 Mathematicus,
2194 991 2259 1060 leret

281 1095 632 1186 elbitribuit‚quam
648 1084 1089 1176 horrendasuutexempla
1108 1085 1271 1154 licentiae
1324 1081 1521 1162 Iudaicos.
1566 1084 1615 1158 Et
1633 1083 1689 1160 his
1701 1091 1960 1162 annumerandi
1976 1103 2067 1176 sunt,
2078 1094 2135 1184 qui
2147 1095 2258 1160 manile-

283 1206 321 1274 in
338 1200 520 1277 moribus,
541 1207 576 1264 et
593 1193 632 1262 in
648 1187 822 1280 fingendis
835 1186 1045 1256 monstrosis
1059 1185 1272 1256 deliramen-
1324 1205 1375 1261 sta
1401 1186 1503 1261 Idola
1527 1189 1742 1271 defendunt,
1767 1192 1932 1264 videlicet
1954 1191 2138 1264 Sacrifieuli
2158 1208 2188 1263 et
2202 1193 2257 1262 llo·

279 1303 353 1380 tis?
403 1299 539 1391 Quales
553 1279 935 1366 lueruntManicltoei
945 1289 1098 1373 furores,
1124 1287 1188 1382 qui
1202 1288 1272 1358 late
1323 1286 1448 1377 nachi,
1472 1285 1652 1362 ethorum
1670 1294 1856 1380 satellites,
1882 1294 1944 1388 qui
1961 1292 2057 1364 Idola
2072 1292 2174 1386 Papae
2186 1307 2257 1364 tuen·

284 1403 400 1498 vagati
417 1406 499 1474 sunt
513 1393 710 1468 inOriente
724 1407 759 1464 et
775 1383 1002 1490 iuAphrica,
1016 1393 1106 1460 duos
1124 1413 1198 1460 esse
1212 1415 1272 1459 co·
1323 1409 1402 1480 tur,
1427 1389 1675 1468 invocationes
1691 1389 1882 1465 hominum
1904 1410 2136 1476 mortuorum,
2158 1394 2257 1466 Adora

285 1524 446 1582 aeternos
460 1513 652 1582 creatores,
673 1497 767 1567 iuter
780 1517 853 1565 sese
868 1494 1099 1586 praeliantes,
1121 1493 1271 1563 alterum
1325 1497 1456 1568 tionem
1478 1493 1582 1587 panis
1599 1495 1639 1564 in
1658 1495 1986 1588 circumgestatioue
2001 1492 2200 1578 histrionice,
2219 1519 2259 1564 re

286 1631 424 1682 causam
446 1604 554 1684 honi.
582 1599 727 1670 alteram
750 1621 890 1668 causam
913 1595 1011 1666 mali·
1072 1589 1173 1664 Nihil
1199 1618 1273 1665 esse
1324 1598 1423 1668 nales
1445 1595 1594 1684 Missas,
1625 1594 1889 1672 Monaehorum
1911 1599 2157 1671 dubitationem
2176 1599 2206 1666 in
2222 1597 2258 1664 in·

285 1716 486 1782 libertatem
509 1700 703 1774 voluntatis
726 1695 924 1782 humanae,
956 1694 1036 1768 Non
1064 1720 1164 1788 posse
1186 1721 1273 1767 con·
1326 1699 1528 1784 vocatione,
1553 1698 1738 1774 Fiduciam
1755 1702 1984 1795 propriorum
2000 1697 2259 1782 meritorumla-

173 1871 179 1888 ,
287 1815 375 1886 verti
401 1812 446 1882 ad
466 1811 603 1916 bpuum
628 1797 791 1872 homines
809 1794 979 1895 χοϊκούς,
1012 1811 1109 1870 ortos
1135 1824 1154 1868 a
1182 1799 1273 1868 mala
1326 1825 1386 1894 gas
1402 1800 1580 1876 libidines.
1633 1797 1898 1876 HaecEthnica
1915 1802 2072 1894 exempla
2093 1801 2258 1870 cuminmi.

287 1937 411 1998 carrea,
436 1905 538 1981 Nihil
551 1929 626 1976 esse
640 1904 860 1995 diligentiam
875 1901 1020 1992 regendi
1033 1926 1169 1986 mores,
1192 1902 1275 1971 nul·
1328 1917 1408 1976 rant
1425 1903 1464 1972 in
1479 1903 1620 1986 oculos,
1647 1903 1830 1976 manifeste
1848 1906 2041 1977 ostendunt
2054 1925 2163 1973 eorum
2175 1903 2258 1972 delen·

287 2021 358 2090 lam
377 2037 449 2084 esse
464 2010 688 2090 electionem,
704 2008 764 2076 sed
775 2031 845 2099 qno
863 2003 958 2074 coeci
976 2003 1126 2093 impetus
1142 2028 1275 2074 unum·
1328 2030 1423 2078 sores
1443 2029 1516 2075 non
1530 2027 1603 2075 esse
1624 2001 1817 2078 Ecclesiam
1834 2003 1915 2080 Dei,

289 2137 466 2215 quemque
487 2111 729 2204 impellerent,
760 2131 802 2178 eo
824 2106 1050 2198 praecipitem
1081 2109 1275 2176 necessario
1411 2107 1489 2179 Etsi
1508 2109 1604 2178 enim
1622 2109 1782 2181 iactitant
1797 2132 1834 2178 ee
1847 2109 2002 2178 retinere
2018 2093 2260 2199 scriptal'rophe

163 2269 170 2280 -
289 2243 403 2292 ruere.
454 2213 533 2285 Hoc
553 2211 712 2282 fascinati
736 2231 873 2296 errore,
897 2207 1033 2278 nullam
1058 2203 1284 2278 adhibebant
1329 2211 1396 2282 tica
1414 2205 1688 2300 etApostolica,
1711 2225 1830 2282 tamen
1847 2225 1907 2283 aut
1927 2203 2258 2303 palamcontraritdr

289 2318 508 2412 diligentiam
534 2313 680 2403 regendi
701 2334 835 2396 mores,
866 2310 949 2406 quia
976 2304 1070 2378 nihil
1094 2310 1274 2400 profutura
1329 2325 1422 2383 creta
1447 2311 1518 2380 illis
1541 2314 1759 2400 anteferunt,
1790 2326 1851 2386 aut
1877 2313 2053 2402 affingunt
2075 2310 2167 2380 salsas
2186 2305 2258 2372 inter·
2313 2293 2314 2300 '

289 2426 494 2512 videbatur,
526 2418 587 2486 sed
611 2415 777 2486 laxabant
797 2415 917 2482 frenos
938 2411 1192 2502 cupiditatibus
1215 2412 1275 2481 alii
1331 2415 1563 2507 prolationes,
1605 2427 1639 2484 et
1671 2438 1815 2508 prorsus
1848 2430 1890 2488 ut
1922 2416 2070 2500 dicitnr,
2101 2402 2257 2500 ὑπόχαλκον
2313 2395 2314 2440 ³

288 2527 377 2600 aliis.
429 2519 508 2611 Ipse
529 2511 729 2602 Marcion,
754 2517 818 2610 qui
839 2515 877 2584 in
904 2537 944 2584 ea
967 2513 1120 2583 colluvie
1144 2515 1277 2606 praeci·
1326 2511 1487 2614 χρυσίον
1512 2517 1643 2608 populo
1676 2514 1854 2592 exhibent.
1916 2516 2014 2586 ldem
2038 2499 2257 2596 tartunam

252 2653 359 2722 ·pua
383 2623 600 2696 seditionum
622 2619 707 2690 tuba
733 2620 868 2701 scierat,
902 2613 1105 2686 aDiacono
1131 2641 1276 2686 uxorem
1332 2617 1427 2688 hrrnc
1452 2611 1725 2714 Anaboptistae
1757 2619 1935 2692 dicuntur.
1998 2615 2178 2710 Loquimnr
2197 2607 2254 2676 enin

289 2727 457 2812 abduxit,
477 2748 567 2818 quae
590 2734 669 2812 post
690 2743 803 2790 annos
819 2718 957 2813 aliquot
970 2713 1129 2802 reversa,
1154 2743 1279 2789 narra-
1331 2724 1376 2791 de
1400 2717 1506 2792 huius
1529 2721 1697 2812 temporis
1730 2720 1998 2812 impostoribus.
2055 2713 2219 2804 Erumpunt
2233 2701 2252 2772 hi

190 2853 194 2858 ’
288 2833 342 2932 vit
361 2825 544 2900 historiam
568 2822 666 2894 illius
686 2820 851 2894 factionis
871 2821 1013 2913 plenam
1035 2820 1279 2909 spurcissimo·
1332 2848 1474 2920 quoque
1495 2822 1620 2892 mutila
1645 2821 1738 2892 dicta
1763 2823 1957 2916 exscriptis
1977 2801 2254 2914 Apostolicisan
2313 2849 2314 2932 p

289 2958 369 3006 rum
385 2929 640 3021 exemplorum.
665 2919 1278 3014 Etsingulaeaetatesvidentmulta
1334 2921 1562 2995 vindicantes
1594 2932 1727 2993 vosmet
1764 2921 1847 3019 ipsi.
1907 2922 2018 3006 Item,
2035 2917 2103 2990 'Et
2128 2909 2253 2987 latebant

290 3035 404 3108 tristia
423 3028 637 3123 spectacula,
664 3049 753 3120 quae
768 3025 815 3094 ita
831 3023 976 3096 turbant
992 3037 1145 3110 mentes,
1169 3025 1228 3096 vix
1241 3037 1279 3094 ut
1333 3027 1458 3098 omnia
1482 3024 1701 3100 communia.
1753 3023 1849 3096 Haec
1869 3027 1999 3094 omissa
2024 3009 2246 3094 collaetando

291 3134 436 3208 eluctari
455 3157 495 3202 ex
511 3127 567 3200 his
581 3125 864 3199 dubitationibus
878 3126 1028 3218 possint:
1063 3125 1122 3195 An
1139 3140 1172 3196 et
1189 3152 1279 3220 qnae
1333 3157 1411 3200 rum
1429 3130 1623 3215 (lictorum,
1650 3153 1722 3196 non
1738 3141 1831 3196 recte
1848 3128 2027 3198 intellecta
2042 3105 2245 3214 detoiqrenttd

291 3233 506 3310 sitEcclesia
518 3231 595 3303 Dei.
647 3227 717 3300 Sed
742 3243 887 3320 propter·
907 3222 1000 3297 hanc
1017 3227 1128 3319 ipsam
1150 3229 1279 3298 luctam
1334 3231 1550 3302 eversionem
1578 3231 1791 3298 imliciorum
1814 3241 1847 3298 ct
1870 3206 2253 3300 conturbationemllon't·

292 3337 425 3422 animi,
455 3333 614 3429 quotidie
639 3332 676 3400 iu
706 3327 879 3425 Symbolo
904 3329 1070 3400 iubemur
1095 3330 1280 3400 adfirmare
1333 3335 1498 3418 niornm,
1531 3331 1686 3424 denique
1710 3333 1753 3400 ad
1778 3331 1935 3400 infinitas
1956 3327 2180 3400 contusiones,
2203 3313 2258 3382 ⁵3⁶⁰*

292 3466 366 3514 esse
386 3437 454 3512 Dei
476 3433 686 3518 Ecclesiam
720 3433 815 3526 quod
840 3455 922 3502 cmn
944 3431 1152 3512 recitamus,
1173 3433 1279 3503 simul
1333 3435 1419 3508 olim
1437 3425 1680 3530 Carpocrates
1694 3447 1729 3503 et
1744 3431 1803 3499 alii
1822 3433 1968 3526 «pridem
1986 3411 2261 3501 lacerarentur

292 3545 486 3635 cogitemus
501 3533 916 3630 patefactionesdivinas,
931 3547 964 3604 et
980 3533 1181 3604 testimonia
1191 3559 1279 3628 quae
1333 3539 1420 3609 siam
1444 3536 1621 3606 similibus
1643 3535 1839 3606 furoribus,
1891 3533 1965 3603 Nec
1987 3531 2126 3602 difficile
2148 3535 2186 3593 est
2200 3509 2262 3584 indi·

292 3671 358 3722 nos
376 3647 525 3726 docent,
549 3653 584 3710 et
606 3659 679 3707 esse
702 3650 736 3708 et
760 3658 961 3705 mansuram
981 3648 1056 3704 'esse
1073 3632 1139 3704 Dei
1156 3633 1279 3706 Eccle-
1333 3663 1412 3711 care
1426 3638 1593 3708 modestis
1611 3632 1818 3707 hominibus
1840 3649 1873 3703 et
1891 3649 1986 3705 recte
2007 3627 2164 3704 institutis
2181 3609 2265 3689 inlit-

292 3751 401 3828 siam,
428 3759 463 3816 et
487 3741 639 3814 sciamus
659 3741 865 3808 mandatum
887 3733 954 3808 Dei
976 3759 1066 3819 esse,
1092 3749 1133 3805 ut
1158 3762 1223 3807 nos
1249 3740 1279 3808 ei
1334 3741 1456 3826 closis,
1481 3741 1543 3834 qui
1558 3739 1742 3810 discedant
1756 3761 1776 3806 a
1790 3737 1929 3828 scriptis
1944 3715 2266 3830 Prophettctsetlpe

293 3851 546 3936 adiungamus,
573 3856 607 3911 et
621 3842 714 3912 cives
728 3840 804 3910 eius
817 3839 953 3910 fiamus.
1005 3836 1105 3908 Sicut
1119 3833 1279 3908 inPsaI-
1332 3845 1486 3929 stolicis,
1511 3856 1545 3914 et
1562 3867 1581 3912 a
1601 3840 1791 3936 Symbolis.

294 3975 354 4021 mo
373 3951 541 4037 scriptum
563 3957 634 4029 est,
666 3935 844 4011 Plantolc'
856 3936 895 4007 in
916 3933 1023 4008 domo
1036 3933 1215 4021 Domini,
1242 3939 1281 4010 in
1434 3943 1538 4015 Hanc
1555 3957 1715 4011 normam
1729 3942 1908 4010 inruentes
1921 3939 2073 4010 etiamn,
2088 3943 2206 4004 „ortior
2217 3937 2268 3986 cot·

294 4049 406 4124 atriis
420 4044 549 4118 domus
562 4040 641 4114 Dei
658 4040 779 4113 nostri
780 4037 979 4140 florebunt.
1031 4039 1101 4112 Sed
1118 4059 1282 4114 excessant
1335 4062 1392 4120 tus
1409 4071 1482 4117 esse
1500 4049 1616 4117 reram
1633 4041 1701 4114 Dei
1717 4040 1929 4122 Ecclesiam,
1956 4057 1992 4112 et
2007 4039 2087 4110 laeti
2100 4037 2167 4110 Deo
2182 4016 2270 4115 gratio

295 4179 331 4228 se
353 4150 459 4222 multi
484 4147 717 4220 dubitatione.
775 4143 867 4214 Cum
897 4157 950 4214 tot
972 4143 1111 4214 diversa
1143 4145 1281 4235 agmina
1337 4172 1497 4238 agamus,
1533 4147 1628 4240 quod
1652 4157 1686 4215 et
1708 4158 1824 4214 servat
1846 4145 1883 4212 in
1911 4165 2038 4232 genere
2061 4135 2200 4208 humano
2220 4133 2270 4188 ⁵¹1³⁸

294 4257 362 4328 sibi
378 4253 526 4326 titulum
539 4247 717 4318 Ecclesiae
732 4246 913 4330 tribuant,
938 4247 981 4314 ad
999 4269 1102 4338 quam
1118 4245 1284 4320 iubemur
1334 4251 1523 4342 reliquias,
1548 4259 1581 4317 et
1599 4271 1666 4316 nos
1680 4248 1724 4316 ad
1740 4241 1846 4315 huius
1861 4246 1915 4314 sni
1925 4243 2094 4335 agminis,
2117 4233 2270 4308 socienno

295 4353 481 4430 accedere?
531 4347 603 4420 Tot
627 4348 826 4418 seculorum
850 4369 1039 4416 consensus
1062 4344 1281 4420 Pontificiam
1335 4351 1491 4436 vocavit,
1509 4363 1543 4420 et
1558 4349 1596 4416 in
1611 4343 1667 4417 his
1684 4347 1806 4418 castris
1821 4360 2025 4418 constanter
2041 4349 2230 4412 maneamus·
2243 4315 2273 4388 di

293 4459 438 4529 turbam
471 4451 671 4522 nominavit
704 4445 911 4518 Ecclesiam.
967 4446 1071 4518 Nunc
1105 4451 1166 4519 alii
1196 4453 1283 4522 alios
1336 4451 1509 4524 obiiciunt
1531 4451 1635 4521 nobis
1656 4450 1781 4535 multi,
1809 4450 1903 4518 inte'r
1924 4473 1990 4518 nos
2014 4464 2147 4542 qnoque
2169 4417 2274 4504 discidit

295 4574 416 4629 coetus
429 4566 639 4625 monstrant.
691 4547 756 4620 llla
772 4551 870 4621 velut
883 4549 1032 4621 lacerata
1051 4553 1153 4622 navis
1178 4567 1210 4622 et
1230 4554 1283 4622 fa·
1336 4577 1421 4624 esse.
1473 4549 1541 4622 His
1562 4554 1779 4646 respondeo,
1810 4573 2002 4640 congruere
2026 4563 2142 4618 omnes
2160 4527 2275 4606 erudll⁰⁵

296 4663 425 4733 tiscens
441 4653 678 4747 relinquitur,
699 4651 761 4722 alii
778 4653 815 4720 in
834 4651 920 4720 alias
935 4645 1090 4744 Scaphae
1105 4655 1285 4736 desiliunt,
1338 4669 1373 4728 et
1387 4657 1507 4726 dextre
1529 4656 1724 4724 iudicantes
1741 4656 1785 4722 de
1796 4651 2055 4724 Fundamento.
2105 4641 2184 4722 Sed,
2202 4641 2233 4700 ¹11
2251 4621 2274 4688 5⁰

297 4763 371 4833 Vos
388 4781 494 4852 qnam
509 4755 612 4824 uobis
633 4756 769 4824 firmam
784 4753 904 4822 navim
921 4754 1133 4824 ostenditis?
1336 4779 1466 4847 magno
1481 4758 1634 4826 exercitu
1650 4781 1716 4826 nec
1731 4755 1876 4826 Ducum'
1893 4767 1962 4840 est,
1989 4777 2055 4822 nec
2076 4743 2212 4818 militurn
2227 4723 2275 4794 vit·

400 4861 482 4932 Non
499 4857 652 4927 difficilis
668 4856 851 4947 responsio
866 4869 936 4939 est,
961 4857 989 4924 si
1009 4879 1172 4926 normam
1188 4855 1283 4925 iudi·
1338 4873 1395 4930 tus
1416 4859 1561 4944 similis,
1587 4857 1721 4930 etiamsi
1740 4858 1940 4928 voluntates
1961 4857 2173 4942 congruunt,
2195 4837 2232 4904 ita
2251 4841 2276 4942 ¹⁰.

299 4967 343 5037 cii
367 4961 544 5058 sequaris,
570 4983 676 5052 quam
699 4957 795 5028 Deus
817 4957 1014 5048 proposuit.
1068 4956 1162 5027 Sunt
1187 4959 1284 5048 signa
1338 4961 1570 5030 multitudine
1590 4960 1728 5049 piorum
1745 4959 1805 5028 alii
1825 4959 1953 5040 tnagis,
1980 4955 2041 5026 alii
2060 4953 2168 5020 minus
2182 4933 2278 5008 erudit

297 5091 402 5136 verae
417 5062 594 5134 Ecclesiae
610 5085 683 5134 nou
697 5060 875 5144 fallentia,
901 5059 1034 5128 scilicet
1050 5060 1176 5148 scripta
1196 5057 1283 5128 Pro·
1338 5077 1439 5148 sunt;
1468 5063 1526 5130 ulii
1554 5087 1698 5140 asserem,
1726 5060 1786 5132 alii
1815 5060 1961 5151 stipulas
1985 5079 2089 5148 supra
2111 5045 2277 5144 lundamett·

298 5160 727 5264 pheticaetApostolica,
752 5159 976 5254 etSymbola.
1027 5157 1123 5227 Haec
1139 5161 1285 5252 quisine
1337 5179 1413 5232 tum
1430 5178 1608 5238 extruunt.
1661 5139 2277 5234 SeddeFundnmentocousensusttl·

298 5269 509 5360 corrtrptelis
524 5265 802 5356 amplectuntur,
823 5257 861 5330 hi
879 5275 961 5330 sunt
977 5285 1057 5330 vera
1078 5257 1144 5329 Dei
1161 5257 1284 5330 Eccle·
1338 5263 1385 5334 Et
1400 5265 1493 5334 cives
1510 5279 1592 5333 sunt
1609 5259 1806 5347 Ecclesiae,
1831 5263 1891 5356 qui
1909 5279 2109 5355 quanquam
2123 5257 2195 5320 sunt
2207 5229 2277 5342 tntrs

300 5375 369 5454 sia,
390 5373 484 5442 iuxta
501 5363 586 5438 haec
601 5367 706 5445 dicta,
727 5355 822 5432 Oves
837 5383 936 5430 necne
952 5385 1065 5431 vocem
1082 5385 1200 5432 meam
1216 5387 1285 5434 au·
1339 5367 1405 5452 mi,
1432 5381 1549 5435 tamen
1566 5379 1648 5436 suut
1665 5367 1817 5444 dociles,
1844 5379 1880 5431 nt
1904 5363 1947 5431 de
1963 5357 2089 5454 puerili
2108 5346 2225 5440 agmine
2240 5333 2277 5396 ‘¹¹'

302 5467 426 5545 dicant:
478 5462 782 5544 Fundamentum
806 5457 920 5535 atiud
944 5462 1036 5560 poni
1062 5487 1136 5535 non
1159 5473 1287 5564 potest,
1338 5469 1385 5540 cit
1401 5467 1515 5538 Filius
1537 5467 1624 5554 Dei,
1657 5465 1806 5538 Exere
1830 5462 2039 5566 insontium
2062 5465 2092 5530 et
2112 5433 2276 5526 lactentium
