4738 6186
146 427 149 434 .
240 315 316 396 ms

350 483 398 541 ist.
425 479 632 552 descripsimus.
678 475 784 534 Prodiit
809 475 880 532 liber
902 476 1024 551 primum
1051 495 1076 532 s.
1101 467 1180 553 idid.
1203 487 1239 546 3-

350 554 458 624 Scripta
483 552 595 624 quidem
620 550 733 603 nomine
759 546 840 618 casp.
859 547 992 612 Peucsrs',
1022 547 1068 600 sed
1086 540 1193 612 Mylasis
1208 550 1240 586 ¹¹¹

248 625 254 630 ’
349 623 531 694 chronologis,
546 621 642 674 libror.
653 616 786 672 Melsutb.
805 617 839 671 ad
859 635 923 672 anu.
944 616 1020 673 1558.
1038 617 1108 669 banc
1126 611 1159 664 ad
1170 607 1243 660 Car-

250 717 253 724 ·
353 691 505 748 lowitsium
532 689 733 744 dedicationem
756 687 854 740 tribuit
871 686 922 758 ipsi
941 683 1130 752 Melanthoni,
1160 691 1243 750 qum

356 762 437 817 ctiam
455 759 535 818 facile
553 758 667 832 quisquc
684 755 808 827 agnoscit
827 767 978 835 auctorem.

251 914 468 1020 Magnifice
497 913 594 999 siro,
629 911 825 988 nobilitate
855 914 1021 1010 generis,
1056 909 1244 1011 sapientia

253 1035 286 1096 et
317 1023 447 1097 virtute
473 1019 708 1118 praestantii
750 1015 864 1092 Dum.
896 1007 1246 1112 Christoplsoro

256 1153 280 1198 a
303 1121 588 1209 Carlows‘tz,
614 1113 847 1193 Consils'orr'o
868 1116 1007 1192 Sacrae
1029 1111 1136 1197 Cass.
1152 1115 1246 1191 Ma·
1320 1180 1328 1196 .

255 1228 398 1304 iestutis
417 1237 449 1299 st
474 1222 608 1321 inclyti
619 1219 738 1319 Regis
753 1219 826 1295 Ro.
843 1221 1068 1318 Huagarioc
1088 1233 1120 1296 ct
1135 1219 1246 1294 Bois-

459 1327 556 1398 ms'ac
572 1337 632 1404 ete.
649 1337 890 1426 patronusne
905 1323 1056 1398 colendo

342 1442 527 1547 Cnspar
550 1439 780 1518 Peucsrus
804 1441 1040 1518 Budisss'nus
1066 1445 1103 1522 S.
1118 1443 1164 1518 D.

255 1589 414 1676 Necesse
439 1613 491 1672 est
520 1600 719 1670 discernere
744 1621 871 1690 genera
897 1597 1157 1668 doctrinarum:
1192 1619 1247 1666 sa-

259 1705 413 1798 pientiae
436 1704 618 1795 politicae,
644 1727 735 1796 quae
756 1727 798 1770 ex
822 1701 917 1791 lege,
937 1701 974 1770 id
997 1714 1069 1784 est,
1095 1699 1249 1785 noticiis,

261 1832 350 1901 quae
368 1808 541 1876 divinitus
557 1807 681 1874 insitae
697 1817 780 1876 sunt
794 1805 963 1873 universo
983 1803 1104 1892 generi
1121 1797 1247 1872 huma-

259 1935 327 1994 no,
355 1910 487 1978 oritur:
511 1921 546 1977 et
561 1907 766 1999 sapientiae,
792 1929 882 1998 quae
896 1919 949 1976 est
961 1901 1148 1995 Evangelii
1164 1927 1248 1996 pro·

260 2013 358 2106 pria,
385 2025 419 2080 et
433 2007 627 2080 Ecclesiam
645 2009 711 2079 Dei
728 2033 748 2078 a
765 2008 910 2078 caeteris
931 2009 1095 2098 gentibus
1119 2008 1250 2077 distin-

259 2114 348 2204 guit.
399 2110 454 2182 De
471 2109 538 2182 hoc
555 2111 779 2190 discrimine,
802 2122 844 2180 ut
857 2110 1022 2180 iuuentus
1044 2131 1250 2181 commone-

260 2218 339 2300 bat,
365 2237 468 2305 saepe
483 2228 517 2284 et
532 2216 685 2286 libenter
699 2213 807 2283 recito
826 2206 965 2305 Angels'
973 2205 1163 2282 Politians'
1174 2235 1250 2284 ser-

261 2341 405 2387 monem
423 2321 467 2386 de
482 2315 639 2387 Pindaro
656 2327 689 2386 et
697 2307 901 2408 Davide*),
926 2309 1151 2407 prophanum
1167 2314 1250 2408 qui-

261 2421 354 2500 dem,
374 2421 439 2488 sed
457 2442 682 2488 communem
700 2419 803 2487 valde
819 2418 953 2499 multis,
975 2419 1143 2488 omnibus
1159 2431 1250 2487 tem-

259 2521 427 2616 poribus,
462 2521 526 2614 qui
542 2517 737 2592 Ecclesiam
759 2515 828 2590 Dei
847 2543 922 2589 non
943 2533 1089 2593 norunt.
1155 2516 1248 2590 Cum

251 2622 356 2694 ‚enim
373 2624 651 2714 interrogaretur
665 2617 903 2708 Pols'ts'anus,
929 2623 1016 2716 quid
1040 2625 1084 2692 de
1098 2619 1249 2693 Davidis

258 2725 411 2796 Psalmis
425 2719 623 2797 iudicaret?
647 2748 711 2816 ego
727 2749 829 2811 vero,
854 2723 993 2817 inquit,
1017 2725 1079 2796 illa
1101 2724 1249 2817 antiqua

259 2834 421 2922 poemata
444 2829 548 2920 plena
570 2828 764 2920 sapientiae
797 2850 872 2897 esse
900 2827 1016 2898 video.
1074 2825 1168 2898 Sunt
1197 2824 1249 2894 ibi

259 2931 421 3000 omnium
437 2932 610 3002 virtutum
625 2943 820 3024 praecepta,
837 2943 921 3000 sunt
938 2928 1249 2999 commonefactio-

258 3056 321 3102 nes
341 3036 385 3104 de
413 3035 657 3126 providentia,
683 3031 976 3103 comminationes
996 3033 1040 3101 de
1060 3032 1249 3120 scelerato-

259 3159 340 3206 rum
365 3136 509 3225 poenis,
543 3149 578 3206 et
601 3135 854 3228 promissiones
879 3135 924 3202 de
951 3133 1124 3203 iustorum
1146 3157 1249 3225 prae-

258 3237 342 3305 miis
356 3251 389 3307 et
412 3236 641 3326 protectione.
693 3235 849 3307 Insertae
870 3249 954 3307 sunt
976 3250 1011 3306 et
1033 3249 1167 3306 veteres
1190 3230 1249 3306 hi-

259 3339 387 3409 storiae
405 3341 502 3409 illius
517 3340 647 3430 gentis,
674 3352 709 3409 et
726 3353 762 3408 ut
779 3338 978 3408 traderetur
994 3339 1165 3408 memoria
1181 3361 1248 3406 ve-

260 3441 400 3512 tustatis
415 3442 583 3534 posteris,
605 3454 640 3512 et
664 3441 771 3511 simul
794 3463 990 3532 poenarum
1014 3454 1048 3511 et
1070 3441 1249 3511 defensio-

257 3543 316 3612 nis
338 3544 494 3636 exempla
520 3543 558 3612 in
583 3557 771 3636 conspectu
795 3555 924 3614 essent.
982 3541 1086 3614 Hanc
1107 3543 1248 3636 sapien-

259 3645 346 3716 tiam
371 3645 618 3736 magnifacio,
644 3645 780 3740 inquit,
804 3645 929 3714 utilem
954 3643 1048 3715 vitae
1074 3659 1110 3716 et
1136 3644 1247 3716 mori·

259 3747 342 3818 bus:
378 3763 413 3820 et
435 3749 563 3838 figuras
588 3748 626 3818 in
641 3771 703 3820 sua
725 3748 846 3837 lingua
873 3747 1066 3818 concinnas
1082 3770 1157 3819 esse
1173 3747 1247 3818 eisi-

259 3851 376 3924 atimo.
422 3847 472 3920 Et
486 3851 573 3921 olim
589 3845 795 3922 harmoniae
810 3849 952 3922 additae
966 3863 1065 3934 sunt,
1089 3853 1132 3920 ad
1149 3851 1247 3920 cien-

259 3953 325 4020 dos
337 3952 537 4022 animorum
554 3967 671 4023 motus
687 3953 980 4027 accommodatae.
1017 3951 1086 4023 Sed
1104 3953 1141 4022 in
1158 3952 1246 4023 Pin-

259 4055 368 4138 daro,
400 4053 536 4148 inquit,
566 4077 622 4124 res
643 4056 784 4125 eaedem
809 4053 948 4124 dulcius
970 4069 1179 4137 narrantur,
1212 4069 1246 4125 et

250 4155 428 4256 'exemplis
461 4155 684 4250 splendidius
715 4157 952 4226 illustrantur.
1015 4153 1113 4228 Haec
1139 4149 1245 4227 Pols'·

254 4252 393 4333 cianus.

359 4389 440 4465 Etsi
465 4405 583 4466 autem
609 4393 648 4464 in
676 4391 852 4478 Pindaro,
893 4408 934 4468 ut
966 4407 1086 4488 postea
1118 4395 1245 4484 dicam,

257 4499 452 4568 sententiae
468 4511 551 4568 sunt
570 4499 616 4568 de
640 4499 802 4570 moribus
826 4515 860 4572 et
884 4499 929 4569 de
952 4498 1075 4590 poenis
1096 4499 1244 4569 scelera-

257 4611 376 4668 torum
407 4623 487 4671 eum
517 4599 593 4692 lege
614 4598 738 4671 divina
762 4613 1014 4694 congruentes,
1051 4599 1135 4696 quia
1158 4600 1244 4691 legis

256 4701 386 4770 notitia
416 4701 605 4774 nobiscum
637 4702 815 4790 nascitur,
854 4718 887 4777 et
913 4705 1047 4775 similes
1070 4703 1242 4798 quaedam

255 4817 338 4874 suut
356 4803 396 4873 in
408 4800 576 4875 Psalmis:
600 4817 719 4876 tamen
734 4806 838 4898 longe
860 4809 929 4878 alia
953 4819 1005 4877 est
1018 4803 1241 4878 Psalmorum

254 4905 438 4996 sapientia.
500 4903 543 4976 ln
570 4901 636 4978 hac
662 4909 874 5008 deducimur
896 4911 941 4980 ad
964 4931 1088 4979 verum
1110 4903 1242 4993 Deum,

252 5029 326 5076 non
344 5011 387 5076 ad
402 5008 640 5079 commentitia
658 5011 823 5080 numina:
849 5024 884 5081 et
897 5008 1074 5101 reperitur
1087 5009 1241 5098 promis-

253 5109 304 5178 sio
328 5111 374 5178 de
393 5109 467 5179 lilio
487 5107 575 5196 Dei,
602 5111 750 5184 domino
774 5127 895 5184 nostro
916 5109 995 5184 lesu
1017 5105 1180 5198 Christo,
1205 5125 1239 5182 et

250 5211 295 5278 de
313 5211 613 5288 reconciliatione.

170 5517 173 5522 ·
282 5493 313 5568 *J
335 5457 398 5554 vsa.
415 5495 449 5554 a·
469 5497 564 5556 aem
580 5494 693 5570 passa
710 5493 747 5551 s·
766 5491 884 5570 tasas.
900 5491 979 5552 sess.

800 293 1235 384 EPISTOLARUlM
1284 287 1520 370 mamm.
1574 284 1710 367 1668.

2179 293 2235 370 did

1396 459 1476 534 Hoc
1500 461 1693 534 discrimen
1707 457 1932 540 Psalmorum
1951 474 1989 534 tet
2007 457 2144 534 Pindari
2162 464 2239 540 initio

1296 566 1594 638 considerandum
1629 578 1699 652 est;
1737 578 1856 658 postea
1888 566 2074 658 cogitetur,
2110 569 2148 636 ad
2175 571 2240 662 qnid

1294 669 1411 762 prosit
1424 665 1572 737 Pindari
1587 667 1704 738 lectio.
1748 663 1798 738 Ut
1814 667 1919 738 multi
1935 667 1995 738 alii
2010 669 2125 760 politae
2139 683 2167 740 et
2178 673 2242 740 scri-

1297 785 1416 874 ptqres
1433 765 1594 840 historici
1614 784 1711 840 extra
1728 763 1924 842 Ecclesiam
1945 785 2087 841 narrant
2106 771 2160 840 alii
2180 774 2243 842 alias

1296 869 1463 944 historias
1478 886 1512 943 et
1527 873 1690 944 intexunt
1704 872 1895 944 sententias
1909 887 1943 944 et
1956 873 2244 946 admonitionesvi·

1296 989 1352 1045 tae
1379 975 1504 1060 utiles,
1538 987 1579 1046 ut
1599 970 1801 1060 Homerus,-
1830 972 2035 1046 Herodotus
2065 975 2184 1046 etalii:
2210 977 2244 1046 ita

1297 1077 1475 1147 Pindarus
1497 1099 1663 1168 magnam
1686 1091 1820 1167 partem
1845 1078 1973 1150 veteris
2000 1101 2132 1168 marcae
2159 1072 2245 1148 histo-

1297 1203 1372 1249 rrae
1399 1180 1542 1264 recitat,
1583 1177 1792 1270 Pelopidas,
1830 1175 2067 1270 Argonautas,
2099 1177 2245 1265 Aeacidas,

1299 1305 1451 1376 quorum
1467 1281 1637 1350 memoria
1656 1281 1845 1372 praecipue
1862 1283 2064 1354 delectatur.
2110 1279 2188 1351 Nam
2203 1307 2245 1350 or·

1298 1385 1383 1454 dine
1401 1383 1578 1464 Aeacum,
1603 1383 1733 1452 deinde
1748 1381 1865 1469 Pelea,
1891 1381 2126 1468 Telamonem,
2149 1379 2245 1456 Achil-

1299 1487 1368 1556 lem
1387 1499 1422 1556 et
1435 1482 1581 1555 Aiacem
1597 1485 1787 1576 praedicat.
1824 1484 1966 1558 Laudat
1984 1501 2018 1557 et
2031 1487 2130 1556 urbes
2140 1499 2169 1554 et
2181 1509 2244 1578 qua-

1299 1589 1451 1658 rundam
1475 1587 1578 1656 initia
1602 1599 1873 1674 commemorat,
1903 1601 1943 1659 ut
1961 1586 2111 1684 Cyrenes
2131 1582 2244 1660 etl'bs-

1299 1693 1438 1762 barum.
1500 1683 1660 1760 Athenas
1693 1714 1773 1760 cum
1802 1713 1888 1782 prae
1919 1692 2063 1762 caeteris
2094 1688 2241 1770 laudasset,

1300 1792 1382 1862 irati
1400 1785 1566 1869 Thebani
1584 1791 1751 1862 mulctam
1767 1792 1801 1860 ei
1816 1792 2035 1875 indixerunt,
2054 1815 2153 1886 quam
2163 1786 2242 1861 Athe-

1300 1896 1456 1975 nienses,
1485 1918 1566 1964 cum
1586 1893 1727 1964 nollent
1743 1893 1775 1963 ei
1798 1895 1972 1984 officium,
2000 1896 2094 1990 quod
2113 1894 2184 1987 ipsis
2200 1893 2243 1963 tri-

1300 1999 1445 2080 buerat,
1470 1997 1601 2066 damno
1615 2019 1706 2080 esse,
1730 1996 1925 2070 solverunt.

1403 2095 1559 2188 Legatur
1583 2121 1666 2187 ergo
1687 2096 1865 2168 Pindarus
1889 2113 2038 2192 propter
2059 2113 2191 2172 veterem
2206 2091 2245 2166 hi·

1300 2200 1462 2272 storiam:
1489 2201 1693 2291 praesertim
1708 2223 1788 2271 cum
1802 2201 1914 2272 multa
1931 2215 2072 2288 narret,
2095 2225 2173 2296 quae
2185 2223 2242 2268 nns

1301 2327 1406 2397 quam
1433 2303 1522 2372 alibi
1547 2315 1676 2382 extant.
1743 2301 1927 2392 Quaedam
1953 2306 2130 2376 interdum
2148 2299 2241 2374 sabulis

1301 2404 1470 2490 involvit,
1507 2417 1547 2474 ut
1573 2429 1654 2474 curn
1677 2404 1744 2484 ait,
1778 2401 1973 2477 Tantalum
2009 2408 2162 2500 punitum
2185 2425 2239 2480 este

1301 2509 1398 2601 quod
1422 2501 1605 2577 adhibitus
1637 2509 1683 2576 ad
1708 2504 1867 2578 Deorum
1890 2505 2121 2580 Ambrosium
2144 2509 2238 2578 iuratus

1301 2612 1363 2681 sit:
1398 2633 1470 2702 quo
1494 2609 1680 2678 involucro
1711 2609 1884 2698 significat
1912 2611 2072 2706 aliquam
2103 2607 2234 2700 religionis

1302 2711 1542 2786 violationem.
1592 2707 1927 2802 Bellerophontem,
1951 2713 2091 2808 inquit,
2114 2737 2179 2784 cum
2194 2707 2230 2778 Ps-

1300 2837 1382 2904 gaso
1397 2827 1516 2884 vectus
1531 2837 1634 2904 saepe
1651 2813 1791 2885 vicisset
1813 2838 1958 2905 magnos
1983 2811 2134 2887 hostiurn
2149 2809 2232 2884 uerti·

1301 2933 1375 3008 tus,
1411 2917 1518 2986 tantis
1543 2915 1674 2985 elatum
1697 2915 1931 3002 successibus,
1971 2917 2105 3008 Pegaso
2130 2913 2230 2985 vulsisse

1301 3021 1393 3090 intra
1417 3018 1556 3088 coelum
1582 3014 1679 3102 vehi,
1713 3019 1774 3087 sed
1792 3041 1978 3090 excussum
1996 3022 2035 3090 in
2050 3012 2223 3091 terraudelt·

1300 3145 1403 3214 psum
1419 3143 1492 3190 esse
1507 3144 1547 3190 ac
1561 3144 1640 3189 crus
1655 3121 1817 3210 fregisse,
1841 3143 1882 3190 ac
1905 3135 2028 3212 postca
2049 3141 2175 3194 moerore
2187 3133 2225 3180 tt·

1300 3224 1450 3294 tinctum
1472 3245 1562 3306 esse3
1589 3247 1658 3316 qua
1673 3223 1812 3314 pictura
1826 3223 2022 3314 significat,
2048 3223 2232 3297 inretisses

1300 3338 1446 3396 conatus
1459 3325 1621 3394 omnium
1637 3319 1843 3412 hominum,
1863 3325 1926 3420 qui
1948 3341 2162 3420 erumpentes
2175 3329 2237 3389 estrt

1300 3441 1409 3498 metas
1430 3427 1485 3496 sui
1507 3427 1577 3496 loci
1605 3427 1731 3497 altiora
1760 3429 2037 3522 concupiscunt:
2069 3443 2108 3502 ut
2126 3415 2239 3510 excutit

1299 3531 1491 3600 ostendunt
1504 3529 1672 3600 omnibus
1686 3530 1873 3600 aetatibus.
1908 3525 2096 3603 Antonius
2109 3551 2170 3600 non
2182 3541 2241 3590 con·

1299 3645 1416 3704 tentus
1436 3629 1584 3701 dimidia
1610 3629 1756 3724 lmperii
1770 3629 1927 3706 Romani
1948 3651 2066 3724 parte,
2091 3653 2160 3704 cuns
2176 3621 2244 3693 solut

1299 3757 1447 3824 regnare
1473 3733 1578 3804 vellet
1601 3757 1745 3826 prorsus
1774 3735 2005 3826 opprimitur.
2067 3731 2114 3806 Et
2134 3733 2245 3802 consid,

1299 3833 1391 3907 hauc
1404 3835 1594 3908 salutarem
1609 3835 1890 3908 admonitionem
1910 3837 2021 3923 etiarn
2041 3837 2155 3910 divina
2172 3839 2247 3900 auto·

1299 3939 1401 4010 ritate
1416 3939 1582 4010 traditam
1599 3961 1682 4009 esse.
1736 3933 1839 4010 lubet
1862 3939 1958 4010 euim
1977 3939 2125 4024 Paulus,
2146 3957 2181 4004 eo
2200 3943 2249 3998 11⁰⁸

1298 4041 1485 4126 excellere,
1518 4039 1683 4110 videlicet
1710 4042 1829 4112 studio
1858 4042 1989 4135 quietis
2012 4058 2047 4115 et
2069 4035 2194 4134 propria
2210 4030 2248 4098 ft·

1297 4143 1431 4230 ciendi,
1468 4141 1687 4231 significans,
1721 4143 1925 4214 ambitiosas
1946 4133 2250 4216 naturasexcellen·

1297 4246 1382 4316 tiam
1398 4267 1564 4338 quaerere
1583 4243 1763 4314 contrario
1778 4249 1906 4332 modo,
1926 4247 2060 4318 scilicet
2073 4241 2180 4316 studio
2193 4249 2250 4304 tur·

1297 4349 1405 4417 bandi
1423 4345 1586 4415 ordinem
1608 4345 1876 4434 gubernationis
1898 4361 1933 4420 et
1954 4342 2158 4442 erumpendi
2177 4347 2250 4408 exiti

1297 4463 1406 4520 metas
1422 4447 1558 4538 proprii
1573 4448 1691 4518 officii.

1382 4547 1551 4620 Historiis
1568 4573 1652 4620 vero
1671 4549 1798 4623 intexit
1811 4551 1949 4648 ubique
1962 4547 2161 4642 gravissima
2173 4555 2251 4635 prit-

1295 4665 1415 4744 cepta,
1440 4675 1478 4721 ac
1497 4651 1684 4745 praecipue
1701 4655 1744 4724 de
1761 4653 1899 4726 iustitia.
1910 4669 1945 4726 et
1959 4656 2003 4724 de
2021 4649 2199 4728 modestia,
2219 4639 2251 4753 d}

1294 4755 1418 4846 poenis
1442 4753 1574 4826 iniustis
1597 4755 1813 4848 rapientium
1837 4757 1968 4828 aliena:
2001 4767 2036 4826 et
2056 4773 2186 4832 eorum,
2204 4763 2252 4836 (1¹¹¹

1294 4857 1400 4928 stulta
1417 4857 1612 4928 ambitione
1625 4857 1713 4927 moti
1728 4881 1801 4928 non
1812 4859 2004 4930 necessaria
2020 4856 2109 4928 bella
2124 4854 2252 4964 movent.

1294 4957 1514 5032 Gravissima
1529 4958 1665 5054 inquit,
1691 4957 1733 5030 du
1747 4953 1926 5055 πόλεμον,
1954 4958 1995 5034 ἔα
2018 4951 2143 5054 μαχᾶν
2157 4965 2253 5045 gatti

1292 5061 1398 5138 θεοῦ.
1448 5058 1502 5132 Ac
1516 5085 1618 5154 saepe
1636 5077 1775 5148 monet,
1801 5088 1859 5135 eas
1874 5085 2006 5156 poenas
2019 5085 2092 5132 non
2116 5076 2190 5127 casu
2207 5069 2252 5162 tf·

1291 5163 1426 5248 cidere,
1451 5165 1511 5232 sed
1534 5164 1655 5234 divina
1673 5164 1896 5258 providentia
1914 5164 2009 5256 regi,
2034 5176 2069 5236 et
2081 5157 2197 5232 ordine
2208 5149 2253 5218 dt·

1289 5265 1424 5338 vinitas
1441 5267 1578 5337 sancito
1594 5267 1765 5339 scelernm
1779 5267 1925 5340 comites
1942 5289 2028 5341 esse.

1392 5367 1493 5440 Talis
1513 5368 1582 5442 suit
1604 5381 1704 5440 vetus
1728 5369 1921 5462 sapientia,
1948 5361 2142 5441 narrationi
2160 5354 2252 5470 histo·

1288 5467 1423 5568 riarum
1445 5473 1576 5544 addere
1587 5485 1789 5567 praecepta,
1813 5485 1855 5546 ut
1870 5473 1963 5546 vitae
1977 5468 2114 5564 regulos
2128 5450 2248 5536 sumti*
