4754 6184
120 286 200 368 sse
547 305 550 316 ⁴
691 280 1133 420 urtsronsnuu
1186 283 1294 360 tra.
1322 279 1423 358 xrn.
1476 249 1612 402 assa.
2098 297 2174 371 επ,

224 455 267 529 lu
288 467 361 529 tota
385 453 561 548 scriptura
576 445 790 546 Prophetiea
805 452 930 529 Sancti
949 453 999 524 sic
1022 477 1121 526 acce·
1169 475 1265 524 nova
1280 447 1500 536 obedientia,
1526 450 1668 522 etbona
1682 475 1790 546 opera
1811 457 2064 546 nominantur,
2091 487 2166 536 ιιοιι

117 563 214 633 dunt
241 561 287 630 ad
314 559 451 639 Deum,
484 555 727 647 confugientes
750 557 795 628 ad
828 555 1122 642 misericordiam,
1168 567 1312 628 tantum
1326 565 1470 624 esterna
1486 551 1577 624 facta
1590 553 1849 647 intelligantur,
1874 562 1936 632 aed
1950 561 2084 634 iustitia
2100 565 2168 638 bot-

115 675 269 758 propter
290 659 507 756 promissum
528 655 743 744 Dominum,
767 671 810 732 ut
831 655 962 730 Daniel
985 658 1120 754 inquit:
1169 659 1237 728 uae
1250 655 1486 729 conscientiae
1507 653 1679 739 interior,
1705 673 1740 734 et
1755 661 1925 743 exterior,
1952 663 2047 738 iuxta
2061 689 2166 739 man·
2232 723 2242 742 ,

116 757 215 840 Nan
239 760 281 832 in
307 759 454 834 iustitia
477 768 627 847 nostra,
657 754 727 831 sed
745 768 894 860 propter
909 757 1120 832 Dominum
1169 761 1252 832 data
1266 757 1346 844 Dei,
1368 759 1414 828 de
1429 779 1498 852 qna
1515 757 1649 828 dictum
1666 773 1735 832 cst:
1755 757 1894 833 Milita
1908 761 2045 837 bonam
2061 767 2165 840 mili·

118 860 343 940 exaudime.
387 860 438 936 Et
454 861 636 938 Psalm.2.
659 857 777 934 Beati
789 885 927 951 omnes,
977 860 1021 933 ai
1034 885 1118 933 con·
1168 858 1280 947 tiam,
1306 852 1610 952 retinensfidem‚
1637 868 1671 930 et
1685 859 1821 934 bonam
1842 866 2112 942 conscientiam.

105 964 245 1066 fidant
266 966 308 1038 in
329 987 381 1043 eo.
429 961 477 1038 Et
500 963 632 1041 Psalm.
645 961 681 1040 6.
708 953 923 1038 Convertere
988 963 1119 1046 omine,
1269 961 1342 1034 Nec
1362 962 1457 1032 illius
1471 961 1538 1032 Dei
1563 961 1643 1032 ideo
1662 967 1803 1039 sudavit
1821 947 2058 1062 sanguinem,
2074 989 2107 1045 ct
2125 974 2162 1047 in

119 1069 220 1166 eripe
252 1067 424 1141 animam
450 1087 589 1156 meam,
616 1063 764 1140 solcum
795 1089 852 1138 me
874 1067 948 1168 sac
971 1076 1119 1166 propter
1167 1089 1271 1138 cruce
1290 1064 1461 1158 pependit
1480 1077 1670 1148 cruentus,
1694 1081 1736 1140 ut
1757 1082 1797 1140 tu
1816 1074 2054 1163 spurcissimis
2077 1077 2162 1148 libi-

118 1165 416 1246 misericordiam
431 1176 548 1242 tunm.
595 1165 697 1253 Item,
721 1164 816 1245 Non
833 1167 947 1242 intres
963 1169 1002 1240 in
1017 1165 1119 1241 iadi-
1167 1167 1313 1241 dinibus
1327 1164 1444 1238 Deum
1457 1165 1641 1258 offendas,
1664 1181 1700 1240 et
1715 1172 1882 1244 omuibus
1901 1177 2084 1248 furoribus
2102 1179 2160 1250 in.

119 1277 219 1354 cium
246 1297 328 1346 cam
348 1293 451 1343 servo
473 1279 557 1358 tna,
588 1268 680 1371 qaia
702 1297 778 1344 nan
799 1267 1063 1366 iustificabitur
1076 1268 1116 1342 in
1167 1269 1327 1361 dulgeas:
1354 1267 1425 1341 Sed
1445 1291 1567 1362 passus
1583 1285 1653 1356 εει,
1678 1283 1718 1342 ιιι
1733 1273 1790 1346 lex
1802 1271 1889 1362 Dei,
1911 1292 1946 1350 et
1960 1277 2078 1368 imago
2091 1277 2160 1352 Dei

120 1385 312 1477 conspectu
328 1381 392 1446 tuo
407 1371 528 1444 omnis
546 1369 678 1448 cicens.
699 1370 845 1470 Ephes.
861 1377 899 1452 8.
927 1369 1000 1448 Per
1012 1397 1115 1476 quem
1166 1371 1205 1442 iu
1226 1371 1332 1444 nobis
1346 1371 1563 1448 restituatur.
1613 1369 1678 1444 Est
1700 1375 1811 1465 igitur
1829 1378 2015 1451 barbarica
2032 1383 2160 1474 impie-

120 1475 303 1554 aademas
330 1469 494 1550 accedere
520 1472 560 1546 in
575 1469 743 1571 fidncia,
777 1500 871 1578 puae
897 1485 963 1549 est·
979 1475 1020 1548 in
1034 1472 1117 1571 fide
1166 1487 1236 1562 tas,
1260 1475 1412 1566 fingere,
1431 1497 1507 1544 non
1530 1497 1604 1546 esse
1618 1478 1851 1550 necessariam
1872 1475 1965 1555 hanc
1986 1457 2159 1554 obedien-

125 1583 211 1658 eius.
262 1579 418 1656 Roman.
439 1577 474 1652 8.
513 1571 611 1674 Quis
636 1579 826 1652 accusabit
857 1577 984 1652 electos
1015 1575 1118 1650 Dei?
1165 1577 1265 1664 tiam,
1285 1579 1348 1648 sed
1362 1599 1437 1648 esse
1451 1599 1650 1648 concessam
1668 1579 1848 1650 licentiam
1864 1583 2053 1654 omittendi
2070 1610 2159 1673 eam,

129 1681 230 1756 Dens
266 1690 318 1754 est
351 1677 420 1780 qui
449 1673 639 1772 iustificat.
705 1675 803 1780 Quis
837 1676 1117 1756 condemnabit?
1165 1679 1256 1751 sicut
1270 1702 1346 1750 non
1360 1691 1412 1749 est
1427 1692 1608 1772 peccatum
1624 1681 1718 1751 vesci
1733 1705 1837 1752 carne
1853 1685 1913 1755 die
1927 1697 2034 1757 sexta.

125 1779 301 1862 Christus
317 1776 504 1854 intercedit
513 1805 583 1880 pro
601 1779 720 1860 notu.
1268 1779 1342 1852 Nec
1355 1793 1494 1852 tantum
1511 1775 1569 1852 hic
1591 1781 1691 1854 furor
1706 1783 1744 1853 iu
1760 1779 1969 1859 Antioomis
1983 1791 2157 1861 taxandus

210 1887 356 1962 Nitatur
370 1907 453 1976 ergo
468 1884 555 1954 fides
569 1885 775 1958 mediatoris
790 1885 994 1958 obedientia
1009 1899 1045 1958 ει
1057 1885 1116 1955 in·
1165 1895 1239 1971 est,
1270 1884 1331 1956 sed
1352 1882 1485 1975 singuli
1513 1883 1696 1956 doleamus
1724 1885 1763 1956 in
1794 1889 1987 1982 nobisipsis
2019 1891 2157 1986 reliqua

117 1990 355 2072 tercessione,
378 2010 454 2058 non
476 2000 596 2058 nostra
619 1988 796 2074 novitate,
820 2011 883 2060 sen
908 1983 1115 2060 inhaerente
1165 1986 1371 2086 essemutta
1392 2008 1520 2076 magna
1539 1987 1652 2068 mala,
1680 2001 1719 2060 ut
1741 1991 1838 2083 qnod
1861 1992 1965 2062 valde
1989 1992 2156 2083 languide

116 2093 277 2178 iustitia,
302 2113 363 2162 seu
380 2087 571 2164 essentiali.
618 2085 723 2160 Hanc
743 2089 1022 2162 consolationem
1040 2115 1114 2162 non
1164 2088 1378 2159 assentimur
1395 2090 1507 2158 verbo
1524 2085 1610 2170 Dei,
1636 2091 1734 2184 quod
1750 2105 1866 2164 aestus
1881 2093 2158 2182 dubitationum,

113 2195 347 2280 abiiciamus,
371 2192 434 2264 sed
454 2213 522 2260 uos
543 2191 711 2284 exemplis
734 2203 768 2264 et
788 2192 1000 2264 testimoniis
1023 2191 1114 2264 San·
1164 2205 1198 2263 et
1217 2189 1382 2260 fremitus
1403 2191 1571 2260 adversus
1598 2190 1710 2281 legem
1736 2189 1803 2262 Dei
1834 2193 1873 2264 in
1897 2197 2001 2268 uobis
2024 2197 2159 2268 assidui

115 2315 262 2374 ctutum
292 2293 559 2379 confirmemus,
591 2305 632 2364 ut
658 2287 829 2380 sciamus,
864 2295 1044 2390 mornado
1069 2297 1114 2366 ad
1164 2305 1266 2377 sunt,
1299 2291 1397 2388 quod
1425 2291 1547 2362 miuus
1575 2291 1741 2364 timemus
1766 2291 1902 2378 Deum,
1939 2301 2035 2392 qrtnd
2060 2299 2157 2384 fides,

114 2401 241 2474 Deum
261 2396 500 2470 accedendum
518 2393 580 2466 sit:
611 2405 646 2466 ct
668 2389 761 2466 banc
782 2395 906 2484 fidem,
932 2420 1003 2492 qun
1020 2410 1114 2468 certo
1164 2394 1311 2479 fidncia,
1334 2393 1478 2466 dilectio
1495 2391 1580 2475 Dei,
1605 2394 1802 2482 invocatio,
1827 2398 2025 2488 gratitudo,
2049 2401 2157 2487 celus,

115 2515 332 2598 reputamur
354 2497 456 2580 iusti,
483 2495 519 2568 id
544 2509 615 2582 est,
641 2496 775 2590 accepti
787 2495 885 2586 Deo,
910 2522 1113 2594 quanquam
1163 2521 1239 2568 uon
1252 2495 1390 2577 ardent,
1410 2508 1451 2568 ut
1465 2495 1653 2584 debebant,
1668 2501 1765 2593 qnod
1780 2499 1953 2572 fortitudo
1969 2513 2004 2574 et
2017 2503 2156 2594 petien-

118 2607 251 2698 ingens
271 2603 310 2674 in
325 2600 430 2672 nobis
444 2598 631 2671 infirmitas
646 2613 717 2686 est,
741 2612 937 2674 statuamus
956 2601 1026 2675 uiti
1039 2625 1115 2674 me-
1163 2600 1213 2671 tiu
1228 2597 1468 2692 languidiores
1485 2607 1587 2686 sunt,
1611 2602 1709 2694 quod
1724 2601 1864 2673 castitas
1878 2603 2043 2674 turbatur
2060 2607 2157 2677 mul-

119 2709 281 2792 diatorc,
302 2716 343 2776 ut
357 2702 491 2774 dictum
506 2713 569 2774 est.
1164 2701 1210 2774 tia
1228 2699 1367 2775 vitiosis
1390 2699 1577 2776 incendiis.
1626 2693 1818 2776 Doleamns
1838 2728 1906 2776 nos
1927 2705 2087 2778 blandiri
2100 2708 2157 2778 vi·

223 2806 319 2880 Cum
342 2829 426 2876 vero
442 2797 516 2874 'bac
544 2803 786 2875 consolatione
811 2805 917 2876 corda
941 2805 1114 2876 vivificata
1164 2805 1223 2876 tiis
1237 2803 1386 2888 nostris,
1406 2817 1441 2876 et
1456 2827 1531 2874 non
1546 2825 1700 2876 creseere
1714 2805 1754 2874 in
1770 2807 1875 2877 nobis
1891 2807 2157 2898 poenitentiam,

123 2925 224 2998 sunt,
250 2909 321 2980 iam
343 2907 433 2978 frunt
452 2905 583 2998 templa
607 2901 694 2994 Dei,
719 2919 754 2978 et
775 2901 909 2980 habent
931 2907 1116 2984 iustitiam,
1163 2907 1255 2979 sicut
1267 2902 1446 2976 Dominus
1459 2905 1594 3000 inquit:
1616 2899 1711 2978 Nisi
1720 2905 1982 3004 paenitentiam
1998 2908 2157 3004 egeritis,

123 3015 277 3094 scilicet,
311 3011 429 3104 ipsum
449 3003 566 3077 Deum
589 3022 809 3097 moventem,
835 3023 869 3080 et
894 3009 1114 3080 sanctifican-
1164 3031 1288 3079 amnes
1308 3003 1424 3079 simui
1442 3003 1622 3105 peribitis.
1672 3005 1770 3082 Haec
1791 3024 1950 3102 peccata,
1982 3035 2065 3082 cum
2090 3035 2157 3084 ne-

127 3135 196 3188 tem
218 3115 343 3198 c‘orda,
368 3133 429 3181 seu
451 3107 664 3196 novitatem,
692 3135 800 3206 φιειιι
818 3111 924 3183 efficit
939 3109 1056 3200 Deus,
1081 3124 1115 3184 ει
1164 3134 1259 3184 cesse
1272 3110 1320 3183 sit
1332 3109 1518 3203 deplorare
1535 3122 1691 3196 sanctos,
1717 3125 1852 3206 quanto
1872 3114 2155 3204 magisnecessa·
2249 3181 2252 3186 .

137 3231 279 3309 quaeest
293 3217 429 3286 fructus
449 3210 614 3302 spiritus,
641 3235 753 3308 eoque
768 3215 988 3304 nominatur,
1013 3228 1048 3286 et
1064 3227 1116 3288 εει
1164 3214 1259 3286 rium
1279 3225 1333 3284 est
1359 3213 1513 3284 execrari
1540 3213 1763 3284 barbaricum
1787 3215 1915 3306 dogma
1938 3213 2157 3289 Antinomo-

135 3315 279 3406 iustitia,
301 3314 440 3388 etiamsi
463 3311 561 3384 aliud
583 3326 652 3402 est,
676 3327 822 3408 propter
845 3319 942 3411 quod
965 3340 1115 3410 persona
1163 3339 1263 3404 rum,
1285 3315 1584 3387 contumeliosum
1603 3329 1727 3388 contra
1742 3313 1880 3404 Deum,
1905 3331 1942 3389 et
1962 3333 2083 3390 contra
2103 3319 2155 3392 le-

128 3421 165 3490 in
183 3419 314 3492 iudicio
329 3415 398 3492 Dei
422 3417 729 3507 instareputator,
754 3417 838 3512 quia
859 3417 998 3489 novitas
1022 3442 1116 3490 non·
1164 3441 1262 3511 gem,
1285 3431 1319 3489 ει
1337 3415 1585 3508 Evangelium.
1991 3405 2001 3434 ‘

123 3527 210 3596 dum
234 3535 287 3594 est
308 3522 464 3612 integra,
496 3530 531 3587 ει
552 3517 669 3588 tristes
683 3517 856 3614 reliquiae
879 3519 1012 3617 peccati
1030 3515 1115 3590 hae-
1217 3591 1225 3604 ,
1266 3517 1478 3595 Retinemus
1510 3519 1619 3609 igitur
1655 3513 1748 3590 hanc
1783 3521 2080 3614 propositionem,
2121 3535 2157 3594 et

121 3640 204 3696 rent
220 3624 260 3695 in
273 3622 442 3696 amnibus
456 3619 496 3688 iu
509 3611 576 3690 hac
591 3619 685 3707 vita,
710 3633 751 3692 ut
764 3643 828 3692 suo
843 3621 921 3693 loco
938 3621 1116 3716 copiosius
1165 3616 1257 3692 hauc
1276 3622 1428 3691 formam
1450 3621 1638 3714 loquendi:
1665 3615 1779 3691 Bona
1797 3643 1907 3720 opera
1928 3629 2015 3692 sant
2038 3642 2158 3692 neces..

121 3729 268 3800 dicitur.
1164 3720 1290 3814 saria,
1318 3733 1353 3794 ει
1369 3733 1462 3792 recte
1479 3721 1709 3807 declaramus,
1737 3747 1810 3793 non
1829 3727 1924 3818 quod
1941 3725 2014 3796 siut
2029 3723 2158 3796 merita

223 3822 389 3918 Denique
418 3835 527 3894 totam
559 3819 757 3894 doctrinam
783 3823 827 3896 de
858 3823 1116 3910 iustificatione,
1166 3823 1385 3895 remissionis
1400 3823 1542 3917 culpae,
1566 3837 1601 3896 et
1622 3847 1756 3916 poenae
1772 3835 1953 3908 aeternae,
1978 3827 2157 3921 uecqnnd

115 3931 200 4006 Deo
223 3931 386 4008 iuvante,
409 3925 605 3996 retinemus
628 3937 664 3998 et
687 3923 939 4014 retinebimus,
966 3950 1116 3998 consen·
1166 3927 1238 3999 sint
1251 3927 1378 3998 merita
1395 3926 1487 3998 vitae
1504 3937 1683 3996 aeternae:
1705 3919 1778 3998 Sed
1791 3927 1874 4023 quia
1889 3928 2014 4000 divino
2030 3928 2159 4000 ordine

116 4053 266 4108 tancam
278 4025 491 4100 confessioni
505 4021 751 4118 Augustanus,
773 4042 809 4103 ct
825 4029 1116 4114 confessionibus,
1167 4025 1276 4100 borno
1293 4029 1398 4100 debet
1413 4027 1664 4105 obedientiam.

117 4161 217 4234 quae
239 4144 364 4204 contm
383 4127 517 4200 librum
540 4125 754 4200 ittuntur
774 4131 815 4202 in
831 4128 988 4204 Ecclesia
1003 4129 1116 4204 Ham·
1268 4129 1339 4204 Sed
1355 4125 1421 4202 hac
1436 4129 1549 4202 forma
1566 4125 1847 4203 verborumnon
1864 4133 2026 4204 utimur:¹
2043 4125 2158 4204 Bona

115 4235 295 4328 burgensi
308 4231 421 4304 editae
437 4243 533 4306 sunt.
570 4229 822 4304 Necvolumus
837 4234 1023 4306 admisceri
1038 4257 1117 4304 cor·
1169 4255 1279 4332 opera
1292 4239 1380 4304 sant
1397 4229 1604 4304 necessaria
1626 4227 1872 4320 adsalutem,
1892 4257 1954 4306 seu
1970 4227 2026 4304 ad
2045 4230 2158 4302 citam

115 4339 299 4434 ruptelas,
329 4347 391 4406 aut
410 4333 677 4423 ambiguitates,
707 4359 748 4406 ac
768 4336 920 4408 maxime
941 4349 1118 4430 aptamus,
1168 4343 1377 4424 aeternam,
1402 4359 1448 4406 nc
1470 4333 1691 4427 intelligatur
1713 4337 1880 4406 meritum
1900 4333 2160 4405 reconciliatio-

114 4465 246 4516 veram
260 4435 458 4510 doctrinam
477 4435 516 4504 io
537 4434 705 4507 omnibus
720 4437 879 4510 articulis
901 4439 1026 4509 iisdem
1043 4439 1117 4510 for·
1168 4439 1243 4524 nis,
1269 4452 1330 4509 eut
1354 4437 1446 4510 vitae
1469 4453 1649 4525 aeternae,
1675 4451 1710 4510 ει
1731 4462 1779 4508 ne
1802 4438 2012 4508 obscuretur
2030 4457 2161 4506 conso·

114 4549 194 4620 mis
222 4538 410 4638 loquendi,
443 4549 477 4606 ct
502 4536 674 4630 propriis,
705 4553 880 4633 qnamum
901 4540 979 4612 fieri
1004 4552 1120 4634 potest
1167 4539 1255 4612 latio
1288 4535 1521 4633 Evangelica,
1563 4563 1654 4634 quae
1686 4535 2159 4632 agentibus.poeniteutiam

117 4643 281 4742 exponi,
306 4653 341 4712 et
354 4637 559 4710 ambitiosas
571 4639 745 4712 novitates
757 4641 877 4725 vitari.
1170 4641 1403 4714 concionatur
1423 4643 1467 4712 de
1491 4643 1642 4732 gratuita
1665 4639 1859 4712 donatione
1881 4638 1974 4710 vitae
1997 4649 2161 4710 aeternae

231 4743 366 4817 Contra
388 4738 604 4822 Aratiuomos
627 4743 910 4816 constantissime
933 4745 1119 4818 retinenda
1170 4757 1316 4837 propter
1334 4745 1578 4820 mediatorem,
1628 4741 1677 4816 Ut
1700 4741 1809 4832 igitur
1829 4739 1962 4812 vitetur
1984 4740 2161 4832 ambigui·

119 4867 182 4926 est
203 4843 290 4918 baec
312 4867 416 4928 vera,
442 4856 478 4914 ct
500 4841 654 4936 propriis
676 4845 795 4916 verbis
818 4845 911 4917 dicta
930 4849 1120 4920 sententiat
1172 4860 1244 4932 tas,
1273 4845 1421 4918 velimus
1438 4859 1472 4918 et
1493 4867 1559 4916 nos
1579 4845 1695 4916 omitti
1711 4839 1803 4916 banc
1821 4841 2056 4914 additionem:
2082 4835 2161 4916 Ne·

118 4947 241 5026 Nava
274 4939 481 5018 odedientia
513 4951 564 5014 est
599 4943 806 5016 necessaria
830 4967 871 5016 eo
896 4933 992 5048 ipso,
1030 4948 1120 5050 quia
1172 4944 1334 5020 cessaria
1352 4941 1408 5018 ad
1421 4943 1591 5022 salntem.

122 5059 337 5130 creaturam
360 5042 582 5118 rationalem
606 5041 693 5116 Dea
721 5069 858 5123 necesse
885 5058 936 5120 est
969 5045 1123 5136 odedire,
1276 5047 1416 5123 Rursus
1437 5049 1543 5123 etiam
1570 5047 1721 5118 velimus
1740 5047 1786 5118 ab
1812 5044 1891 5116 aliis
1918 5043 2037 5118 omitti
2058 5044 2163 5120 falsas
2273 5047 2288 5074 ‘

123 5161 222 5232 sicut
237 5151 373 5224 Paulus
394 5149 528 5244 inquit:
552 5143 748 5220 Debitores
767 5173 911 5222 samar:
938 5147 991 5224 Ac
1009 5151 1124 5224 insul·
1174 5145 1408 5247 hyperbolae,
1440 5151 1555 5246 qualia
1578 5163 1645 5220 est:
1674 5144 1785 5220 Bona
1808 5169 1917 5244 opera
1947 5169 2021 5218 non
2041 5143 2163 5220 solnm

126 5263 217 5334 sitas
239 5269 308 5338 cst,
334 5251 486 5342 fingere,
511 5247 598 5322 baec
611 5251 803 5340 vocabula,
829 5255 1070 5326 necessitatem
1092 5267 1126 5326 et
1176 5275 1250 5322 non
1276 5251 1481 5324 necessaria
1513 5245 1680 5322 suntad
1704 5245 1881 5321 salutem:
1909 5241 1976 5318 sed
1996 5241 2166 5346 officiant

128 5359 297 5434 debitum
312 5353 511 5446 significare
527 5369 662 5424 terrore
680 5368 867 5436 extortum,
890 5359 950 5428 sed
964 5357 1125 5428 ordinem
1177 5353 1287 5425 etiam
1312 5351 1448 5439 saluti,
1481 5351 1572 5452 qaia
1595 5349 1816 5424 comitantur
1844 5373 1887 5420 ea
1909 5347 2101 5448 superbia,
2136 5359 2166 5420 et

127 5461 302 5536 divinum
319 5471 355 5528 et
378 5457 566 5528 immotam
581 5453 620 5524 in
636 5453 714 5526 Deo
730 5457 937 5551 significant.
986 5455 1127 5532 Etcum
1179 5481 1277 5527 cana
1302 5449 1534 5546 confidentia.
1584 5437 1682 5528 Haec
1707 5454 1983 5526 malaacceduut
2001 5453 2204 5547 ριέεειῐ-Ι

190 5565 371 5634 distance.
397 5561 506 5630 Orsa.
529 5559 614 5630 Van.
640 5561 705 5630 lx.
1536 5561 1587 5634 24
