4754 6184
117 316 196 402 tes

116 486 211 580 [idm
224 483 334 582 &ledo
356 493 421 566 unt
441 489 657 589 seducunt
670 493 798 584 tuneo,
820 493 885 568 nob
898 491 937 583 itt
951 488 1108 586 amiate>

116 588 222 680 scobe,
246 595 309 686 tes
324 591 410 668 (butt
425 594 519 684 fouet
534 593 652 688 reaten
665 591 777 689 uiroc
791 597 839 674 bie
855 595 975 690 &trefe
989 594 1110 668 bubus

679 313 1116 404 EPISTOLARUM
1165 309 1402 402 blssclllll.
1453 313 1590 408 taso,

2080 325 2159 414 180

1160 485 1346 562 Iudicium
1369 483 1590 568 Acuduuioe
1621 488 1694 568 W
1690 489 1926 591 r'tebergeuscs,
1946 493 1990 572 dc
2013 505 2157 572 coutro-

1160 593 1280 668 versiu
1304 586 1450 668 Comae
1468 589 1635 677 Domini
1653 622 1678 668 a
1703 589 1933 698 Philippo
1964 596 2157 674 Melan-

115 691 195 768 utu.
245 691 1107 794 115511δί11ίῴ58..Θοαῡοᾱβτεοοοοοιο
1157 690 1295 776 thone
1321 695 1583 796 conscriptum,
1608 707 1641 774 et
1661 697 1815 777 niueum
1831 695 2012 781 Ecclesiis
2026 697 2165 816 Trou-r

116 793 239 872 noctes
261 797 388 890 uiden,
416 801 457 894 fle
477 801 589 876 esua
602 800 735 894 dripere
751 801 844 894 bicfcr
859 799 987 896 &dulit
1002 799 1108 872 turifer

114 894 279 987 suetam
301 898 402 996 pulsa
431 902 531 994 tbuo,
570 902 733 992 blochet
763 904 835 980 neit
865 923 900 978 cc
929 904 979 978 ein
1003 919 1108 976 ornet

113 999 224 1092 melle
238 997 293 1088 itt,
315 1006 380 1088 unt
393 1003 653 1100 goudftcdtig,
677 1011 743 1082 unt
757 1008 835 1100 beau
848 1007 909 1082 ruit
922 1003 1038 1082 beben
1052 1006 1107 1078 bet

113 1103 252 1192 ingenii
265 1107 329 1178 urb
343 1105 538 1196 ueroeam
552 1124 616 1182 ton
632 1105 717 1183 uest
730 1110 817 1202 eset
831 1108 954 1204 gestent
967 1106 1018 1198 tu,
1041 1107 1106 1179 ent

113 1205 171 1296 but
193 1205 279 1278 εἰιειι
294 1217 388 1300 guter
403 1209 552 1304 bufone,
574 1214 641 1286 ¹utu
655 1212 734 1287 mitt
750 1212 824 1286 tate
839 1209 1105 1307 inffiutcnunb

112 1305 244 1398 „rieden
265 1311 370 1385 bieme
392 1311 521 1388 tuanen.
580 1311 722 1406 estun
745 1311 873 1411 lboifen
897 1313 985 1406 orbat
1010 1309 1106 1409 buti,

111 1406 161 1512 [fo
180 1411 294 1486 nubet
314 1407 478 1512 terlucet)
500 1413 843 1512 montecrescone
866 1417 959 1491 rietes
984 1411 1106 1506 &trefe

110 1512 310 1607 cupiosum
342 1518 440 1592 beon
456 1519 521 1610 ulfo
536 1516 808 1612 {fredebadus
839 1523 886 1594 bu
910 1517 1013 1611 [cult
1037 1519 1106 1590 bes

108 1615 276 1708 Euifm
290 1615 426 1694 lllctec
450 1621 553 1712 frou
585 1617 766 1716 iterfetbige
780 1619 994 1717 mobebuntur
1010 1617 1105 1707 oca,

109 1715 351 1812 necessetas
372 1719 549 1818 pelluntur
566 1721 648 1814 &clu
670 1721 808 1816 ubelbi,
832 1723 1008 1818 dcfdoffec
1028 1724 1105 1796 auo

107 1815 309 1910 utentum,
333 1825 427 1899 mette
441 1824 651 1919 eucetlbttdn
666 1827 794 1916 Stant,
817 1826 891 1902 Eu.
905 1825 1105 1919 esttenete,
1173 1871 1182 1887 ·

106 1924 172 1994 unt
198 1921 245 1996 ote
262 1924 370 2000 buon
386 1927 487 2021 cuerit
503 1927 678 2022 golttgtid)
694 1929 861 2024 benobnu
884 1931 949 2006 uub
971 1929 1104 2024 segites.

104 2019 189 2100 Dat.
204 2027 262 2100 batt
280 2029 341 2104 16.
358 2029 517 2106 Ianuarii
534 2029 643 2104 1558.

470 2135 543 2210 Er.
558 2131 724 2210 ututur

737 2237 868 2332 mittigat
881 2235 1002 2314 Diuo

776 2340 842 2416 Pb.
861 2343 949 2416 Mel.

950 2698 1006 2762 16.
1021 2687 1088 2754 len.

927 2781 1100 2810 Μ

339 2859 418 2975 (11.
442 2813 874 2980 Buumgortnerof)
993 2946 995 2958 .

172 3025 194 3092 ¹1·
213 3019 250 3077 Es
262 3037 358 3098 apogr.
369 3021 398 3078 in
414 3025 477 3084 cod.
490 3023 576 3089 Gotb.
591 3029 635 3086 18.
656 3049 683 3104 p.
698 3029 739 3089 58.

99 2667 302 2800 Q.

112 3175 417 3280 Exeprstoluud
430 3180 540 3264 ΗΒ.
556 3187 1097 3391 (ΗιίιςοογοιοοιΒαοιο-

511 3315 600 3388 gur
629 3317 666 3364 n.

99 3415 208 3504 Mihi
228 3461 349 3508 recens
372 3438 518 3535 quidam
540 3445 799 3534 praedictiones
819 3449 934 3536 misit,
959 3451 998 3520 in
1015 3450 1097 3544 qni·-

96 3537 170 3606 bns
193 3540 380 3628 scribitur,
417 3545 597 3637 synodum
620 3547 777 3620 futuram
799 3573 872 3621 esse
894 3575 990 3622 anno
1015 3565 1096 3642 post

96 3631 198 3710 bunc
212 3641 343 3729 altero,
368 3643 470 3736 prius
484 3661 602 3718 autern
619 3647 659 3740 in
675 3651 745 3722 alio
763 3667 942 3726 conventu
957 3655 1094 3724 delibe-

96 3742 256 3814 rationes
276 3745 353 3815 fore
367 3741 451 3844 περὶ
468 3752 538 3822 τοῦ
553 3745 895 3848 προβουλεύματος.
945 3755 1092 3828 Utinam

94 3869 179 3915 vera
194 3847 240 3918 de
254 3841 422 3920 Ecclesiis
438 3851 648 3926 deliberatio
662 3856 918 3930 institueretur.
956 3855 1028 3930 Sed
1044 3858 1093 3944 id,

95 3971 179 4017 curn
200 3971 219 4016 a
236 3951 388 4036 nostris,
415 3953 476 4046 qui
494 3979 578 4046 prae
594 3977 632 4028 se
648 3957 809 4030 ferebant
821 3960 981 4033 studium
998 3962 1092 4030 veri-

94 4049 179 4118 tatis
200 4049 388 4142 impetrare
404 4077 477 4124 non
494 4059 734 4148 potuerimus,
758 4076 937 4134 tuncrum
955 4063 1092 4133 medio-

93 4151 205 4222 criter
231 4153 417 4238 florerent,
450 4161 538 4250 qnid
561 4183 658 4234 nunc
680 4165 727 4234 ab
749 4159 912 4238 hostibus
933 4165 1092 4238 veritatis

93 4255 275 4345 expectari
298 4258 437 4349 potest?
474 4259 545 4332 Sed
561 4259 660 4336 Deus
674 4267 849 4338 mirandis
865 4267 980 4338 modis
997 4267 1092 4338 inter

90 4369 213 4426 tantos
226 4355 355 4432 fluctus
369 4361 530 4453 cymbam
545 4389 646 4437 suam
660 4370 828 4448 servabit.
877 4367 975 4442 Bene
992 4383 1027 4442 et
1039 4371 1092 4441 fe-

90 4457 212 4530 liciter
228 4461 318 4534 vale·
371 4461 430 4537 17.
447 4461 528 4536 Kal.
544 4464 651 4545 Febr.

87 4799 159 4871 No.
174 4795 291 4876 6445.

86 4897 301 4938 Μ

949 4829 1006 4894 16.
1023 4817 1089 4886 len.

942 4911 1084 4944 m

473 5009 716 5106 Iudicium

158 5161 230 5222 Mel.
244 5163 350 5222 Gonsil.
366 5161 411 5222 lat.
427 5165 459 5226 P.
473 5168 508 5224 ll.
546 5171 627 5228 ,818
653 5203 683 5216 -
719 5173 810 5232 Etiam
829 5175 900 5234 edita
919 5179 1083 5238 eructata

191 5235 239 5290 ten
250 5233 429 5318 ttnftputtfecu
443 5187 604 5307 iledrlcbtut
617 5253 668 5298 ete
680 5263 743 5301 sun.
754 5245 829 5302 1718.
847 5245 943 5318 pm.
964 5275 994 5288 -
1014 5246 1083 5302 Ger·

190 5319 298 5360 manase
308 5321 339 5356 sn
350 5304 421 5360 labro
432 5306 466 5361 de
477 5309 646 5380 boecium,
662 5311 845 5371 rancessere
856 5315 891 5370 ad
904 5315 991 5374 Oder.
1005 5317 1084 5376 1⁵91.

1406 797 1615 897 sylvanus
1665 806 1779 877 Auno
1797 802 1909 890 1558.
1932 863 1945 894 ,.

1159 933 1325 1040 Quilibet
1345 907 1575 1024 bomo'debet
1588 973 1717 1044 corpus
1731 948 1956 1050 Christianae
1971 952 2158 1026 doctrinae

1157 1052 1335 1144 integrum
1358 1054 1511 1140 discere,
1539 1067 1574 1128 et
1594 1067 1766 1144 statuere,
1789 1081 1826 1127 se
1844 1057 1936 1128 velle
1951 1056 2065 1126 civem
2081 1067 2157 1127 esse

1157 1177 1258 1226 verae
1279 1155 1458 1228 Ecclesiae
1480 1156 1564 1229 Dei:
1599 1170 1633 1228 et
1655 1159 1759 1232 debet
1780 1159 2024 1240 considerare,
2051 1181 2155 1252 quae,

1157 1269 1192 1326 et
1203 1257 1266 1328 ubl
1280 1258 1327 1328 sit
1344 1283 1427 1330 vera
1441 1253 1622 1342 Ecclesia,
1648 1260 1745 1332 iuxta
1761 1261 1915 1350 dicturo:
1941 1251 2064 1333 Credo
2080 1279 2155 1332 essa

1156 1353 1365 1432 Ecclesium
1396 1351 1640 1444 catholicum,
1679 1369 1892 1434 sanctorum
1926 1359 2154 1434 communio-

1157 1483 1250 1531 nem.
1299 1463 1419 1534 Debet
1439 1464 1547 1548 etiarn
1563 1463 1736 1556 cogitare,
1763 1467 1852 1560 quid
1868 1467 2029 1563 invocet,
2054 1477 2089 1536 et
2106 1465 2153 1535 ad

1155 1585 1260 1634 verae
1273 1559 1451 1639 Ecclesiae
1475 1563 1736 1652 invocationem
1760 1567 1955 1660 adiungere
1976 1591 2078 1639 suam
2095 1565 2154 1636 iu·

1155 1665 1397 1755 vocationem,
1433 1680 1468 1739 et
1497 1669 1621 1758 fugere
1651 1671 1837 1756 manifesta
1863 1670 1960 1744 idola
1985 1663 2155 1754 Etbnica,

1155 1763 1412 1852 Mahometlca,
1445 1765 1641 1864 Papistica,
1672 1783 1738 1848 etc.
1788 1769 1899 1864 Multi
1924 1785 2043 1843 autem
2068 1791 2152 1863 pas-

1154 1894 1222 1940 srm
1242 1887 1434 1964 vagantur,
1470 1873 1534 1970 qui
1562 1897 1644 1944 cum
1668 1897 1744 1944 non
1769 1888 1896 1948 curent
1922 1873 2152 1968 praecipuam

1154 1973 1337 2046 doctrinae
1352 1969 1576 2048 Christianae
1590 1989 1745 2068 partem,
1769 1989 1962 2070 excerpunt
1976 1978 2152 2072 quaedam

1154 2075 1275 2146 minus
1307 2077 1520 2162 necessaria,
1560 2079 1605 2149 de
1629 2077 1761 2172 quibus
1785 2082 2054 2152 tumultuantur
2073 2076 2152 2148 sine

1154 2177 1239 2248 fine:
1266 2191 1307 2250 ut
1329 2180 1369 2250 lit
1393 2179 1438 2248 ab
1457 2178 1520 2266 iis,
1545 2177 1669 2274 quide
1687 2181 1831 2267 statuis,
1857 2195 1893 2255 et
1911 2179 2151 2254 abrenuncia-

1153 2281 1253 2350 tione
1276 2275 1334 2374 (nt
1354 2277 1563 2378 nominant)
1583 2305 1674 2376 quae
1695 2281 1736 2353 fit
1757 2283 1890 2356 alicubi
1912 2297 1994 2357 ante
2015 2281 2151 2375 baptis·

1153 2405 1267 2468 mum,
1292 2383 1443 2476 litigant.
1495 2379 1659 2454 Omnino
1674 2385 1910 2472 necessarium
1925 2399 1988 2474 est,
2014 2385 2150 2456 discer-

1152 2507 1238 2555 nere
1262 2484 1301 2554 in
1325 2485 1485 2556 doctrine
1509 2499 1543 2557 et
1568 2487 1723 2558 cultibus
1749 2488 1882 2560 divinis
1906 2512 1964 2560 res
1986 2508 2148 2558 necessa·

1152 2587 1242 2672 rias,
1275 2600 1310 2658 et
1331 2611 1406 2657 non
1430 2589 1659 2674 necessarias,
1685 2589 1777 2660 sicut
1801 2588 1991 2688 Syracidae
2014 2589 2048 2662 5.
2070 2613 2148 2682 cap.

1152 2689 1299 2760 dicitur:
1336 2681 1445 2786 Quae
1472 2685 1667 2774 mundavit
1696 2687 1771 2762 fibi
1785 2685 1913 2779 Deus,
1948 2713 1992 2782 ep
2022 2698 2148 2762 sande

1152 2789 1296 2886 cogites.
1346 2790 1400 2864 Ac
1420 2793 1460 2863 in
1477 2816 1551 2864 uon
1565 2793 1770 2866 necessariis
1785 2794 1905 2889 aliqua
1921 2795 2027 2870 etiarn
2043 2793 2147 2864 infir·

1151 2893 1220 2965 mis
1252 2895 1488 2966 condonanda
1521 2909 1624 2983 sunt,
1658 2919 1705 2968 ne
1736 2893 1917 2970 Ecclesiae
1944 2897 2084 2986 sauciae
2110 2907 2146 2972 et

1151 3009 1304 3094 moestae
1319 2999 1430 3088 magis
1447 2999 1664 3076 saucientur.

1252 3112 1308 3186 De
1333 3117 1457 3188 statuis
1480 3117 1677 3188 necessaria
1705 3129 1758 3188 est
1783 3116 1963 3203 doctrina,
1989 3139 2036 3188 ne
2056 3119 2146 3188 ado-

1149 3231 1293 3300 rentur,
1320 3242 1385 3289 nec
1400 3221 1444 3288 ad
1461 3242 1518 3290 eas
1532 3221 1619 3293 fiant
1635 3241 1846 3291 concursus:
1877 3219 1947 3292 Sed
1963 3241 2147 3290 removere

1150 3346 1274 3392 omnes
1295 3333 1428 3392 statuas
1453 3335 1487 3392 et
1519 3321 1674 3414 picturas
1698 3346 1740 3392 ex
1764 3321 1914 3414 privatis
1936 3335 1970 3393 et
1986 3321 2146 3416 publicis

1147 3425 1297 3496 aedibus
1325 3447 1399 3493 non
1430 3447 1569 3493 necesse
1592 3437 1656 3496 est.
1715 3417 1882 3516 Optarim
1906 3423 2034 3514 igitur,
2066 3447 2144 3494 non

1146 3526 1284 3596 moveri
1299 3526 1474 3596 turnultus
1487 3527 1532 3594 de
1548 3525 1592 3596 iis
1608 3527 1813 3597 auferendis
1829 3549 1870 3596 ex
1884 3525 2043 3616 templis:
2069 3523 2144 3596 Sed

1146 3628 1176 3698 si
1199 3627 1280 3721 quis
1303 3639 1481 3710 removet,
1512 3629 1621 3698 etiam
1638 3644 1717 3698 nort
1734 3643 1838 3697 vono
1851 3643 1938 3698 suu
1952 3639 2143 3712 nuruum,

1144 3729 1351 3822 praesertim
1376 3729 1404 3798 si
1426 3741 1583 3798 removet
1598 3729 1675 3797 sine
1691 3727 1878 3800 seditione.
1929 3723 1979 3802 Et
1994 3727 2034 3798 in
2050 3751 2141 3799 neu-

1145 3845 1199 3902 tra
1217 3843 1317 3924 parte
1332 3829 1525 3902 certamina
1541 3829 1679 3900 moveri
1692 3829 1815 3900 velim.
1926 3887 1929 3892 .

1246 3947 1423 4022 Professio
1445 3960 1480 4020 et
1500 3947 1768 4020 abrenunciatio
1786 3947 1824 4018 in
1842 3947 2019 4042 baptismo
2034 3949 2140 4020 adnl-

1142 4063 1263 4128 torum
1289 4073 1434 4145 prorsus
1455 4051 1650 4122 necessaria
1675 4063 1744 4124 est:
1774 4049 1844 4124 Sed
1862 4049 2032 4122 infantuli
2046 4051 2138 4122 reci-

1143 4156 1313 4249 piuntur,
1346 4167 1379 4226 et
1402 4177 1484 4224 vere
1507 4153 1598 4225 bunt
1618 4153 1778 4226 membra
1794 4149 1972 4226 Ecclesiae
1993 4177 2058 4246 per
2072 4154 2138 4224 ba·

1142 4259 1333 4350 ptismnm,
1361 4255 1497 4328 etiamsi
1519 4255 1776 4348 professionem
1797 4269 1832 4328 et
1846 4253 2136 4327 abrenunciatio·

1142 4385 1225 4431 nem
1237 4383 1303 4430 nec
1318 4359 1475 4444 faciunt,
1500 4381 1566 4428 nec
1579 4358 1692 4438 facere
1705 4371 1864 4452 possunt.
1904 4353 1999 4428 Volo
2015 4368 2135 4426 tamen

1141 4462 1322 4554 publicana
1349 4457 1529 4532 Ecclesiae
1556 4461 1798 4552 precationem
1833 4481 1900 4551 pro
1934 4457 2135 4528 infantibus

1141 4577 1224 4635 ante
1248 4562 1463 4654 baptismum
1487 4561 1583 4633 fieri:
1619 4559 1713 4632 Volo
1737 4573 1772 4632 et
1795 4559 1864 4650 legi
1887 4557 2133 4632 testimonium

1139 4662 1349 4758 Evangelii,
1385 4659 1508 4735 Sinite
1532 4658 1713 4761 purvulos
1744 4657 1862 4730 venire
1881 4653 2032 4747 adme,
2065 4673 2133 4739 etc.

1139 4765 1237 4840 llaec
1257 4767 1456 4838 retinemus
1469 4767 1507 4836 iu
1523 4765 1655 4836 uostris
1669 4759 1854 4846 Ecclesiis,
1879 4763 2133 4856 precationem,

1139 4884 1174 4942 et
1189 4869 1378 4944 lectionem
1391 4882 1472 4940 ante
1489 4867 1706 4960 baptismum
1724 4865 1916 4938 infantum·

1241 4986 1282 5062 Si
1303 5009 1394 5084 quae
1411 4987 1519 5056 verba
1543 4995 1625 5055 sunt
1647 4981 1686 5054 in
1701 4983 1913 5070 exorcismo,
1937 4983 2028 5058 etin
2046 5007 2132 5077 pro-

1135 5091 1307 5175 fessione,
1330 5087 1520 5183 dequibus
1537 5085 1677 5176 litigant
1693 5085 1881 5174 nonnulli,
1905 5109 1968 5178 ego
1984 5086 2131 5182 quidem

1135 5193 1180 5263 de
1195 5193 1267 5262 illis
1286 5191 1404 5262 nullas
1420 5189 1513 5262 rixas
1528 5211 1672 5258 moveo:
1698 5189 1758 5260 sed
1773 5189 1938 5260 condono
1953 5189 2128 5284 quaedam

1134 5291 1397 5366 consuetudini.
1448 5285 1594 5361 Alieubi
1612 5289 1651 5360 in
1666 5283 1836 5362 Ecclesiis
1852 5303 1945 5364 recte
1961 5290 2126 5364 docenti·

191 5369 272 5428 8.-
304 5371 740 5448 Teanseylraeosbfelantboueu
758 5401 809 5455 per
826 5385 943 5457 legatum
958 5403 989 5440 ea
1003 5387 1037 5440 de
1051 5405 1081 5442 re
1132 5395 1218 5484 bug,
1242 5391 1449 5478 exorcismi,
1476 5405 1512 5462 et
1532 5391 1615 5462 illae
1636 5393 1891 5484 professiones,
1920 5417 2010 5488 quae
2031 5394 2124 5468 fiunt

185 5437 359 5566 pppsuluisse
370 5441 533 5518 intelligitur
543 5466 576 5504 es
587 5469 631 5523 ep.
644 5450 678 5508 ed
689 5450 793 5528 Rege·
805 5451 880 5512 Diu·
892 5453 953 5514 dt.
966 5455 1010 5514 25.
1023 5455 1081 5516 lan.

1130 5521 1196 5594 per
1207 5508 1444 5590 susceptores,
1468 5493 1623 5568 abolitae
1638 5507 1737 5566 sunt:
1761 5495 1847 5566 tledi
1861 5495 2063 5580 consilium.
2081 5509 2123 5572 ut
