<?xml version="1.0" encoding="UTF-8"?>
<!DOCTYPE html PUBLIC "-//W3C//DTD XHTML 1.0 Transitional//EN"
    "http://www.w3.org/TR/xhtml1/DTD/xhtml1-transitional.dtd">
<html xmlns="http://www.w3.org/1999/xhtml" xml:lang="en" lang="en">
 <head>
  <title>
</title>
<meta http-equiv="Content-Type" content="text/html;charset=utf-8" />
  <meta name='ocr-system' content='tesseract 3.04.00' />
  <meta name='ocr-capabilities' content='ocr_page ocr_carea ocr_par ocr_line ocrx_word'/>
</head>
<body>
  <div class='ocr_page' id='page_1' title='image "./philippimelanth06bindgoog_0071.png"; bbox 0 0 4718 6176; ppageno 0'>
   <div class='ocr_carea' id='block_1_1' title="bbox 136 255 2167 396">
    <p class='ocr_par' dir='ltr' id='par_1_1' title="bbox 136 255 2167 396">
     <span class='ocr_line' id='line_1_1' title="bbox 136 255 2167 396; baseline 0.001 -58"><span class='ocrx_word' id='word_1_1' title='bbox 136 261 183 342; x_wconf 90' lang='lat' dir='ltr'><strong>n</strong></span> <span class='ocrx_word' id='word_1_2' title='bbox 718 255 1164 348; x_wconf 77' lang='lat' dir='ltr'><strong>nrtsrottnun</strong></span> <span class='ocrx_word' id='word_1_3' title='bbox 1213 255 1456 396; x_wconf 68' lang='lat' dir='ltr'><strong>menn.</strong></span> <span class='ocrx_word' id='word_1_4' title='bbox 1511 259 1646 378; x_wconf 77' lang='lat' dir='ltr'><strong>sesa.</strong></span> <span class='ocrx_word' id='word_1_5' title='bbox 2117 283 2167 362; x_wconf 61' lang='grc' dir='ltr'><strong>ς,</strong></span> 
     </span>
    </p>
   </div>
   <div class='ocr_carea' id='block_1_2' title="bbox 116 425 2163 748">
    <p class='ocr_par' dir='ltr' id='par_1_2' title="bbox 116 425 2163 748">
     <span class='ocr_line' id='line_1_2' title="bbox 116 425 2163 544; baseline 0.009 -34"><span class='ocrx_word' id='word_1_6' title='bbox 116 435 246 526; x_wconf 83' lang='lat' dir='ltr'><strong>lingua</strong></span> <span class='ocrx_word' id='word_1_7' title='bbox 266 427 420 511; x_wconf 75' lang='lat' dir='ltr'><strong>Arabica</strong></span> <span class='ocrx_word' id='word_1_8' title='bbox 436 425 590 510; x_wconf 76' lang='lat' dir='ltr'><strong>Miseri</strong></span> <span class='ocrx_word' id='word_1_9' title='bbox 601 428 643 529; x_wconf 76' lang='lat'><strong>⁴).</strong></span> <span class='ocrx_word' id='word_1_10' title='bbox 693 431 849 510; x_wconf 79' lang='lat' dir='ltr'><strong>Narrant</strong></span> <span class='ocrx_word' id='word_1_11' title='bbox 865 448 984 508; x_wconf 87' lang='lat' dir='ltr'><strong>autem</strong></span> <span class='ocrx_word' id='word_1_12' title='bbox 1005 433 1121 510; x_wconf 89' lang='lat' dir='ltr'><strong>nostri</strong></span> <span class='ocrx_word' id='word_1_13' title='bbox 1170 436 1300 508; x_wconf 86' lang='lat' dir='ltr'><strong>scelera</strong></span> <span class='ocrx_word' id='word_1_14' title='bbox 1323 437 1521 510; x_wconf 63' lang='lat' dir='ltr'><strong>nuenario</strong></span> <span class='ocrx_word' id='word_1_15' title='bbox 1538 437 1615 512; x_wconf 80' lang='lat' dir='ltr'><strong>beri</strong></span> <span class='ocrx_word' id='word_1_16' title='bbox 1630 437 1824 536; x_wconf 87' lang='lat' dir='ltr'><strong>disputant.</strong></span> <span class='ocrx_word' id='word_1_17' title='bbox 1875 443 1965 524; x_wconf 91' lang='lat' dir='ltr'><strong>Cum</strong></span> <span class='ocrx_word' id='word_1_18' title='bbox 1982 448 2092 544; x_wconf 87' lang='lat' dir='ltr'><strong>igitur</strong></span> <span class='ocrx_word' id='word_1_19' title='bbox 2107 453 2163 530; x_wconf 87' lang='lat' dir='ltr'><strong>fa·</strong></span> 
     </span>
     <span class='ocr_line' id='line_1_3' title="bbox 118 533 2162 630; baseline 0.012 -24"><span class='ocrx_word' id='word_1_20' title='bbox 118 538 228 624; x_wconf 81' lang='lat' dir='ltr'><strong>libri,</strong></span> <span class='ocrx_word' id='word_1_21' title='bbox 263 536 431 610; x_wconf 84' lang='lat' dir='ltr'><strong>Mirraim</strong></span> <span class='ocrx_word' id='word_1_22' title='bbox 455 538 563 610; x_wconf 87' lang='lat' dir='ltr'><strong>fuisse</strong></span> <span class='ocrx_word' id='word_1_23' title='bbox 581 539 697 610; x_wconf 83' lang='lat' dir='ltr'><strong>filiurn</strong></span> <span class='ocrx_word' id='word_1_24' title='bbox 714 534 842 614; x_wconf 89' lang='lat' dir='ltr'><strong>Cham.</strong></span> <span class='ocrx_word' id='word_1_25' title='bbox 856 537 1122 612; x_wconf 83' lang='lat' dir='ltr'><strong>Existimautur</strong></span> <span class='ocrx_word' id='word_1_26' title='bbox 1171 541 1317 610; x_wconf 85' lang='lat' dir='ltr'><strong>tendum</strong></span> <span class='ocrx_word' id='word_1_27' title='bbox 1348 539 1413 625; x_wconf 89' lang='lat' dir='ltr'><strong>sit,</strong></span> <span class='ocrx_word' id='word_1_28' title='bbox 1449 533 1655 614; x_wconf 86' lang='lat' dir='ltr'><strong>hominibus</strong></span> <span class='ocrx_word' id='word_1_29' title='bbox 1675 549 1904 622; x_wconf 89' lang='lat' dir='ltr'><strong>necessariam</strong></span> <span class='ocrx_word' id='word_1_30' title='bbox 1932 575 2006 626; x_wconf 88' lang='lat' dir='ltr'><strong>esse</strong></span> <span class='ocrx_word' id='word_1_31' title='bbox 2027 557 2162 630; x_wconf 91' lang='lat' dir='ltr'><strong>doctri·</strong></span> 
     </span>
     <span class='ocr_line' id='line_1_4' title="bbox 117 635 2160 748; baseline 0.005 -36"><span class='ocrx_word' id='word_1_32' title='bbox 117 661 177 712; x_wconf 83' lang='lat' dir='ltr'><strong>res</strong></span> <span class='ocrx_word' id='word_1_33' title='bbox 199 651 361 712; x_wconf 80' lang='lat' dir='ltr'><strong>vetustae</strong></span> <span class='ocrx_word' id='word_1_34' title='bbox 380 661 455 710; x_wconf 89' lang='lat' dir='ltr'><strong>esse</strong></span> <span class='ocrx_word' id='word_1_35' title='bbox 477 641 572 730; x_wconf 81' lang='lat' dir='ltr'><strong>epod</strong></span> <span class='ocrx_word' id='word_1_36' title='bbox 588 637 746 712; x_wconf 88' lang='lat' dir='ltr'><strong>Graecos</strong></span> <span class='ocrx_word' id='word_1_37' title='bbox 768 640 901 712; x_wconf 78' lang='lat' dir='ltr'><strong>bellarm</strong></span> <span class='ocrx_word' id='word_1_38' title='bbox 920 635 1120 733; x_wconf 83' lang='lat' dir='ltr'><strong>Argooorc·</strong></span> <span class='ocrx_word' id='word_1_39' title='bbox 1169 665 1252 710; x_wconf 86' lang='lat' dir='ltr'><strong>nam</strong></span> <span class='ocrx_word' id='word_1_40' title='bbox 1286 643 1332 712; x_wconf 93' lang='lat' dir='ltr'><strong>de</strong></span> <span class='ocrx_word' id='word_1_41' title='bbox 1362 643 1494 716; x_wconf 76' lang='lat' dir='ltr'><strong>canois</strong></span> <span class='ocrx_word' id='word_1_42' title='bbox 1526 657 1562 716; x_wconf 93' lang='lat' dir='ltr'><strong>et</strong></span> <span class='ocrx_word' id='word_1_43' title='bbox 1586 647 1752 718; x_wconf 87' lang='lat' dir='ltr'><strong>remediis</strong></span> <span class='ocrx_word' id='word_1_44' title='bbox 1778 651 1883 738; x_wconf 88' lang='lat' dir='ltr'><strong>mali,</strong></span> <span class='ocrx_word' id='word_1_45' title='bbox 1920 667 1956 728; x_wconf 85' lang='lat' dir='ltr'><strong>et</strong></span> <span class='ocrx_word' id='word_1_46' title='bbox 1986 657 2160 748; x_wconf 66' lang='lat' dir='ltr'><strong>sapientia</strong></span> 
     </span>
    </p>
   </div>
   <div class='ocr_carea' id='block_1_3' title="bbox 107 735 2159 4996">
    <p class='ocr_par' dir='ltr' id='par_1_3' title="bbox 107 735 2159 4996">
     <span class='ocr_line' id='line_1_5' title="bbox 116 735 2159 848; baseline 0.007 -35"><span class='ocrx_word' id='word_1_47' title='bbox 116 739 247 826; x_wconf 65' lang='lat' dir='ltr'><strong>tabum</strong></span> <span class='ocrx_word' id='word_1_48' title='bbox 272 754 310 812; x_wconf 84' lang='lat' dir='ltr'><strong>et</strong></span> <span class='ocrx_word' id='word_1_49' title='bbox 323 739 455 812; x_wconf 87' lang='lat' dir='ltr'><strong>deiude</strong></span> <span class='ocrx_word' id='word_1_50' title='bbox 469 735 508 812; x_wconf 86' lang='lat' dir='ltr'><em>T</em></span> <span class='ocrx_word' id='word_1_51' title='bbox 508 738 693 826; x_wconf 62' lang='lat' dir='ltr'><strong>ramnum,</strong></span> <span class='ocrx_word' id='word_1_52' title='bbox 715 737 789 838; x_wconf 83' lang='lat' dir='ltr'><strong>at⁸)</strong></span> <span class='ocrx_word' id='word_1_53' title='bbox 805 741 912 815; x_wconf 86' lang='lat' dir='ltr'><strong>series</strong></span> <span class='ocrx_word' id='word_1_54' title='bbox 929 765 1120 829; x_wconf 87' lang='lat' dir='ltr'><strong>annorum,</strong></span> <span class='ocrx_word' id='word_1_55' title='bbox 1167 737 1323 814; x_wconf 83' lang='lat' dir='ltr'><strong>Ethoica</strong></span> <span class='ocrx_word' id='word_1_56' title='bbox 1345 767 1465 814; x_wconf 83' lang='lat' dir='ltr'><strong>veram</strong></span> <span class='ocrx_word' id='word_1_57' title='bbox 1485 745 1685 818; x_wconf 81' lang='lat' dir='ltr'><strong>doctrinam</strong></span> <span class='ocrx_word' id='word_1_58' title='bbox 1709 748 1864 841; x_wconf 89' lang='lat' dir='ltr'><strong>ignoret,</strong></span> <span class='ocrx_word' id='word_1_59' title='bbox 1904 757 2159 848; x_wconf 75' lang='lat' dir='ltr'><strong>amplectamur</strong></span> 
     </span>
     <span class='ocr_line' id='line_1_6' title="bbox 115 839 2158 952; baseline 0.005 -38"><span class='ocrx_word' id='word_1_60' title='bbox 115 867 210 940; x_wconf 83' lang='lat' dir='ltr'><strong>quos</strong></span> <span class='ocrx_word' id='word_1_61' title='bbox 231 841 304 936; x_wconf 90' lang='lat' dir='ltr'><strong>ipsi</strong></span> <span class='ocrx_word' id='word_1_62' title='bbox 327 839 458 916; x_wconf 85' lang='lat' dir='ltr'><strong>Graeci</strong></span> <span class='ocrx_word' id='word_1_63' title='bbox 481 843 727 930; x_wconf 86' lang='lat' dir='ltr'><strong>tradiderunt,</strong></span> <span class='ocrx_word' id='word_1_64' title='bbox 766 845 961 916; x_wconf 88' lang='lat' dir='ltr'><strong>ostendunt</strong></span> <span class='ocrx_word' id='word_1_65' title='bbox 983 845 1120 915; x_wconf 87' lang='lat' dir='ltr'><strong>bellurn</strong></span> <span class='ocrx_word' id='word_1_66' title='bbox 1169 867 1291 914; x_wconf 88' lang='lat' dir='ltr'><strong>vocem</strong></span> <span class='ocrx_word' id='word_1_67' title='bbox 1324 844 1483 918; x_wconf 89' lang='lat' dir='ltr'><strong>divinam</strong></span> <span class='ocrx_word' id='word_1_68' title='bbox 1509 845 1547 916; x_wconf 92' lang='lat' dir='ltr'><strong>in</strong></span> <span class='ocrx_word' id='word_1_69' title='bbox 1572 845 1748 932; x_wconf 82' lang='lat' dir='ltr'><strong>Ecclesia,</strong></span> <span class='ocrx_word' id='word_1_70' title='bbox 1785 877 1865 922; x_wconf 86' lang='lat' dir='ltr'><strong>cnm</strong></span> <span class='ocrx_word' id='word_1_71' title='bbox 1894 857 2039 952; x_wconf 86' lang='lat' dir='ltr'><strong>quidem</strong></span> <span class='ocrx_word' id='word_1_72' title='bbox 2061 858 2158 934; x_wconf 78' lang='lat' dir='ltr'><strong>Deua</strong></span> 
     </span>
     <span class='ocr_line' id='line_1_7' title="bbox 116 943 2157 1046; baseline 0.006 -28"><span class='ocrx_word' id='word_1_73' title='bbox 116 943 324 1018; x_wconf 78' lang='lat' dir='ltr'><strong>Troianum</strong></span> <span class='ocrx_word' id='word_1_74' title='bbox 365 965 441 1016; x_wconf 90' lang='lat' dir='ltr'><strong>noo</strong></span> <span class='ocrx_word' id='word_1_75' title='bbox 484 945 640 1018; x_wconf 82' lang='lat' dir='ltr'><strong>multum</strong></span> <span class='ocrx_word' id='word_1_76' title='bbox 680 948 887 1018; x_wconf 74' lang='lat' dir='ltr'><strong>antecedere</strong></span> <span class='ocrx_word' id='word_1_77' title='bbox 929 943 1116 1018; x_wconf 82' lang='lat' dir='ltr'><strong>Davidem.</strong></span> <span class='ocrx_word' id='word_1_78' title='bbox 1168 946 1320 1017; x_wconf 71' lang='lat' dir='ltr'><strong>illustria</strong></span> <span class='ocrx_word' id='word_1_79' title='bbox 1338 947 1541 1018; x_wconf 88' lang='lat' dir='ltr'><strong>testimonia</strong></span> <span class='ocrx_word' id='word_1_80' title='bbox 1555 949 1745 1026; x_wconf 85' lang='lat' dir='ltr'><strong>addiderit.</strong></span> <span class='ocrx_word' id='word_1_81' title='bbox 1797 952 1943 1029; x_wconf 84' lang='lat' dir='ltr'><strong>Fatetur</strong></span> <span class='ocrx_word' id='word_1_82' title='bbox 1955 959 2064 1046; x_wconf 89' lang='lat' dir='ltr'><strong>ratio,</strong></span> <span class='ocrx_word' id='word_1_83' title='bbox 2088 962 2157 1036; x_wconf 79' lang='lat' dir='ltr'><strong>Le-</strong></span> 
     </span>
     <span class='ocr_line' id='line_1_8' title="bbox 115 1045 2155 1142; baseline 0.006 -19"><span class='ocrx_word' id='word_1_84' title='bbox 115 1045 316 1124; x_wconf 80' lang='lat' dir='ltr'><strong>Herculem</strong></span> <span class='ocrx_word' id='word_1_85' title='bbox 338 1059 458 1118; x_wconf 89' lang='lat' dir='ltr'><strong>autem</strong></span> <span class='ocrx_word' id='word_1_86' title='bbox 479 1045 553 1118; x_wconf 85' lang='lat' dir='ltr'><strong>fere</strong></span> <span class='ocrx_word' id='word_1_87' title='bbox 573 1059 802 1130; x_wconf 74' lang='lat' dir='ltr'><strong>coaetaneum</strong></span> <span class='ocrx_word' id='word_1_88' title='bbox 818 1048 928 1120; x_wconf 88' lang='lat' dir='ltr'><strong>fuisse</strong></span> <span class='ocrx_word' id='word_1_89' title='bbox 941 1045 1118 1122; x_wconf 88' lang='lat' dir='ltr'><strong>Samsoni.</strong></span> <span class='ocrx_word' id='word_1_90' title='bbox 1167 1070 1246 1138; x_wconf 84' lang='lat' dir='ltr'><strong>gem</strong></span> <span class='ocrx_word' id='word_1_91' title='bbox 1270 1069 1445 1142; x_wconf 82' lang='lat' dir='ltr'><strong>nusquam</strong></span> <span class='ocrx_word' id='word_1_92' title='bbox 1472 1049 1713 1142; x_wconf 82' lang='lat' dir='ltr'><strong>incorruptam</strong></span> <span class='ocrx_word' id='word_1_93' title='bbox 1740 1055 1851 1135; x_wconf 88' lang='lat' dir='ltr'><strong>tradi,</strong></span> <span class='ocrx_word' id='word_1_94' title='bbox 1881 1057 1949 1128; x_wconf 88' lang='lat' dir='ltr'><strong>nisi</strong></span> <span class='ocrx_word' id='word_1_95' title='bbox 1975 1061 2012 1130; x_wconf 90' lang='lat' dir='ltr'><strong>io</strong></span> <span class='ocrx_word' id='word_1_96' title='bbox 2030 1059 2155 1136; x_wconf 84' lang='lat' dir='ltr'><strong>Eccle-</strong></span> 
     </span>
     <span class='ocr_line' id='line_1_9' title="bbox 116 1143 2156 1246; baseline 0.006 -22"><span class='ocrx_word' id='word_1_97' title='bbox 116 1149 178 1224; x_wconf 84' lang='lat' dir='ltr'><strong>Sic</strong></span> <span class='ocrx_word' id='word_1_98' title='bbox 188 1143 352 1220; x_wconf 82' lang='lat' dir='ltr'><strong>Ethnica</strong></span> <span class='ocrx_word' id='word_1_99' title='bbox 375 1147 523 1220; x_wconf 90' lang='lat' dir='ltr'><strong>nomina</strong></span> <span class='ocrx_word' id='word_1_100' title='bbox 547 1160 582 1222; x_wconf 89' lang='lat' dir='ltr'><strong>et</strong></span> <span class='ocrx_word' id='word_1_101' title='bbox 606 1144 774 1222; x_wconf 90' lang='lat' dir='ltr'><strong>historiae</strong></span> <span class='ocrx_word' id='word_1_102' title='bbox 788 1161 979 1235; x_wconf 73' lang='lat' dir='ltr'><strong>testantur,</strong></span> <span class='ocrx_word' id='word_1_103' title='bbox 1004 1149 1119 1223; x_wconf 87' lang='lat' dir='ltr'><strong>libros</strong></span> <span class='ocrx_word' id='word_1_104' title='bbox 1166 1149 1230 1224; x_wconf 88' lang='lat' dir='ltr'><strong>sia.</strong></span> <span class='ocrx_word' id='word_1_105' title='bbox 1283 1147 1338 1218; x_wconf 92' lang='lat' dir='ltr'><strong>lbi</strong></span> <span class='ocrx_word' id='word_1_106' title='bbox 1352 1173 1431 1220; x_wconf 90' lang='lat' dir='ltr'><strong>cnm</strong></span> <span class='ocrx_word' id='word_1_107' title='bbox 1447 1163 1583 1222; x_wconf 91' lang='lat' dir='ltr'><strong>certum</strong></span> <span class='ocrx_word' id='word_1_108' title='bbox 1600 1153 1646 1224; x_wconf 91' lang='lat' dir='ltr'><strong>sit</strong></span> <span class='ocrx_word' id='word_1_109' title='bbox 1662 1177 1736 1226; x_wconf 90' lang='lat' dir='ltr'><strong>esse</strong></span> <span class='ocrx_word' id='word_1_110' title='bbox 1751 1179 1872 1228; x_wconf 81' lang='lat' dir='ltr'><strong>voceru</strong></span> <span class='ocrx_word' id='word_1_111' title='bbox 1886 1157 1966 1246; x_wconf 92' lang='lat' dir='ltr'><strong>Dei,</strong></span> <span class='ocrx_word' id='word_1_112' title='bbox 1989 1164 2156 1238; x_wconf 87' lang='lat' dir='ltr'><strong>audiatur</strong></span> 
     </span>
     <span class='ocr_line' id='line_1_10' title="bbox 116 1244 2156 1348; baseline 0.006 -24"><span class='ocrx_word' id='word_1_113' title='bbox 116 1247 301 1324; x_wconf 74' lang='lat' dir='ltr'><strong>Ecclesiae</strong></span> <span class='ocrx_word' id='word_1_114' title='bbox 322 1249 544 1344; x_wconf 88' lang='lat' dir='ltr'><strong>antiquiores</strong></span> <span class='ocrx_word' id='word_1_115' title='bbox 566 1273 660 1338; x_wconf 90' lang='lat' dir='ltr'><strong>esse,</strong></span> <span class='ocrx_word' id='word_1_116' title='bbox 691 1252 787 1346; x_wconf 88' lang='lat' dir='ltr'><strong>quod</strong></span> <span class='ocrx_word' id='word_1_117' title='bbox 807 1274 828 1322; x_wconf 88' lang='lat' dir='ltr'><strong>a</strong></span> <span class='ocrx_word' id='word_1_118' title='bbox 845 1251 1014 1324; x_wconf 88' lang='lat' dir='ltr'><strong>studiosis</strong></span> <span class='ocrx_word' id='word_1_119' title='bbox 1028 1275 1117 1324; x_wconf 88' lang='lat' dir='ltr'><strong>coo·</strong></span> <span class='ocrx_word' id='word_1_120' title='bbox 1167 1263 1202 1322; x_wconf 88' lang='lat' dir='ltr'><strong>et</strong></span> <span class='ocrx_word' id='word_1_121' title='bbox 1223 1244 1309 1324; x_wconf 88' lang='lat' dir='ltr'><strong>haec</strong></span> <span class='ocrx_word' id='word_1_122' title='bbox 1330 1250 1513 1335; x_wconf 89' lang='lat' dir='ltr'><strong>doctrina,</strong></span> <span class='ocrx_word' id='word_1_123' title='bbox 1547 1255 1592 1324; x_wconf 89' lang='lat' dir='ltr'><strong>de</strong></span> <span class='ocrx_word' id='word_1_124' title='bbox 1616 1278 1685 1348; x_wconf 91' lang='lat' dir='ltr'><strong>qua</strong></span> <span class='ocrx_word' id='word_1_125' title='bbox 1701 1251 1875 1330; x_wconf 81' lang='lat' dir='ltr'><strong>llthoieos</strong></span> <span class='ocrx_word' id='word_1_126' title='bbox 1895 1261 1996 1332; x_wconf 89' lang='lat' dir='ltr'><strong>fateri</strong></span> <span class='ocrx_word' id='word_1_127' title='bbox 2015 1287 2156 1340; x_wconf 86' lang='lat' dir='ltr'><strong>necesse</strong></span> 
     </span>
     <span class='ocr_line' id='line_1_11' title="bbox 119 1351 2155 1452; baseline 0.006 -26"><span class='ocrx_word' id='word_1_128' title='bbox 119 1351 270 1426; x_wconf 86' lang='lat' dir='ltr'><strong>siderari</strong></span> <span class='ocrx_word' id='word_1_129' title='bbox 287 1351 393 1422; x_wconf 82' lang='lat' dir='ltr'><strong>valde</strong></span> <span class='ocrx_word' id='word_1_130' title='bbox 407 1351 497 1422; x_wconf 88' lang='lat' dir='ltr'><strong>utile</strong></span> <span class='ocrx_word' id='word_1_131' title='bbox 509 1363 572 1424; x_wconf 81' lang='lat' dir='ltr'><strong>est.</strong></span> <span class='ocrx_word' id='word_1_132' title='bbox 1166 1366 1237 1434; x_wconf 86' lang='lat' dir='ltr'><strong>est,</strong></span> <span class='ocrx_word' id='word_1_133' title='bbox 1263 1351 1301 1422; x_wconf 93' lang='lat' dir='ltr'><strong>in</strong></span> <span class='ocrx_word' id='word_1_134' title='bbox 1319 1353 1393 1424; x_wconf 89' lang='lat' dir='ltr'><strong>suis</strong></span> <span class='ocrx_word' id='word_1_135' title='bbox 1407 1353 1640 1442; x_wconf 72' lang='lat' dir='ltr'><strong>religionibus</strong></span> <span class='ocrx_word' id='word_1_136' title='bbox 1655 1369 1689 1428; x_wconf 89' lang='lat' dir='ltr'><strong>et</strong></span> <span class='ocrx_word' id='word_1_137' title='bbox 1703 1357 1877 1430; x_wconf 78' lang='lat' dir='ltr'><strong>doctrinis</strong></span> <span class='ocrx_word' id='word_1_138' title='bbox 1889 1365 2052 1436; x_wconf 80' lang='lat' dir='ltr'><strong>tenebras</strong></span> <span class='ocrx_word' id='word_1_139' title='bbox 2068 1389 2155 1452; x_wconf 87' lang='lat' dir='ltr'><strong>esse,</strong></span> 
     </span>
     <span class='ocr_line' id='line_1_12' title="bbox 217 1446 2154 1552; baseline 0.004 -26"><span class='ocrx_word' id='word_1_140' title='bbox 217 1447 260 1526; x_wconf 87' lang='lat' dir='ltr'><em>T</em></span> <span class='ocrx_word' id='word_1_141' title='bbox 258 1447 352 1524; x_wconf 74' lang='lat' dir='ltr'><strong>ertio</strong></span> <span class='ocrx_word' id='word_1_142' title='bbox 365 1453 445 1526; x_wconf 88' lang='lat' dir='ltr'><strong>loco</strong></span> <span class='ocrx_word' id='word_1_143' title='bbox 456 1475 575 1548; x_wconf 82' lang='lat' dir='ltr'><strong>georas</strong></span> <span class='ocrx_word' id='word_1_144' title='bbox 589 1446 780 1525; x_wconf 73' lang='lat' dir='ltr'><strong>doctrinae</strong></span> <span class='ocrx_word' id='word_1_145' title='bbox 794 1455 989 1548; x_wconf 87' lang='lat' dir='ltr'><strong>posuimus,</strong></span> <span class='ocrx_word' id='word_1_146' title='bbox 1014 1451 1116 1527; x_wconf 88' lang='lat' dir='ltr'><strong>cuius</strong></span> <span class='ocrx_word' id='word_1_147' title='bbox 1166 1468 1199 1526; x_wconf 91' lang='lat' dir='ltr'><strong>et</strong></span> <span class='ocrx_word' id='word_1_148' title='bbox 1232 1467 1351 1526; x_wconf 89' lang='lat' dir='ltr'><strong>tamen</strong></span> <span class='ocrx_word' id='word_1_149' title='bbox 1383 1449 1511 1524; x_wconf 88' lang='lat' dir='ltr'><strong>harum</strong></span> <span class='ocrx_word' id='word_1_150' title='bbox 1539 1457 1786 1549; x_wconf 81' lang='lat' dir='ltr'><strong>quaestionum</strong></span> <span class='ocrx_word' id='word_1_151' title='bbox 1816 1463 2086 1552; x_wconf 80' lang='lat' dir='ltr'><strong>explicationem</strong></span> <span class='ocrx_word' id='word_1_152' title='bbox 2108 1471 2154 1540; x_wconf 84' lang='lat' dir='ltr'><strong>ad</strong></span> 
     </span>
     <span class='ocr_line' id='line_1_13' title="bbox 125 1553 2155 1655; baseline 0.007 -27"><span class='ocrx_word' id='word_1_153' title='bbox 125 1559 464 1646; x_wconf 82' lang='lat' dir='ltr'><strong>dueesnntpartss,</strong></span> <span class='ocrx_word' id='word_1_154' title='bbox 493 1553 566 1628; x_wconf 87' lang='lat' dir='ltr'><strong>Lex</strong></span> <span class='ocrx_word' id='word_1_155' title='bbox 585 1553 888 1647; x_wconf 80' lang='lat' dir='ltr'><strong>etDvangelium.</strong></span> <span class='ocrx_word' id='word_1_156' title='bbox 938 1553 1031 1628; x_wconf 90' lang='lat' dir='ltr'><strong>Cum</strong></span> <span class='ocrx_word' id='word_1_157' title='bbox 1050 1580 1116 1626; x_wconf 86' lang='lat' dir='ltr'><strong>au-</strong></span> <span class='ocrx_word' id='word_1_158' title='bbox 1164 1555 1382 1646; x_wconf 89' lang='lat' dir='ltr'><strong>agnitionem</strong></span> <span class='ocrx_word' id='word_1_159' title='bbox 1398 1555 1488 1642; x_wconf 90' lang='lat' dir='ltr'><strong>Dei,</strong></span> <span class='ocrx_word' id='word_1_160' title='bbox 1513 1558 1557 1626; x_wconf 87' lang='lat' dir='ltr'><strong>ad</strong></span> <span class='ocrx_word' id='word_1_161' title='bbox 1581 1581 1688 1651; x_wconf 86' lang='lat' dir='ltr'><strong>quam</strong></span> <span class='ocrx_word' id='word_1_162' title='bbox 1709 1553 1817 1630; x_wconf 94' lang='lat' dir='ltr'><strong>homo</strong></span> <span class='ocrx_word' id='word_1_163' title='bbox 1833 1565 2000 1638; x_wconf 90' lang='lat' dir='ltr'><strong>conditus</strong></span> <span class='ocrx_word' id='word_1_164' title='bbox 2023 1581 2092 1655; x_wconf 88' lang='lat' dir='ltr'><strong>est,</strong></span> <span class='ocrx_word' id='word_1_165' title='bbox 2118 1584 2155 1644; x_wconf 89' lang='lat' dir='ltr'><strong>et</strong></span> 
     </span>
     <span class='ocr_line' id='line_1_14' title="bbox 131 1653 2154 1748; baseline 0.007 -18"><span class='ocrx_word' id='word_1_166' title='bbox 131 1653 311 1748; x_wconf 76' lang='lat' dir='ltr'><strong>tesnlaegis</strong></span> <span class='ocrx_word' id='word_1_167' title='bbox 334 1655 464 1728; x_wconf 90' lang='lat' dir='ltr'><strong>notitia</strong></span> <span class='ocrx_word' id='word_1_168' title='bbox 485 1657 647 1727; x_wconf 88' lang='lat' dir='ltr'><strong>omnium</strong></span> <span class='ocrx_word' id='word_1_169' title='bbox 662 1653 848 1730; x_wconf 89' lang='lat' dir='ltr'><strong>homiuum</strong></span> <span class='ocrx_word' id='word_1_170' title='bbox 864 1659 1114 1730; x_wconf 90' lang='lat' dir='ltr'><strong>mentibusin-</strong></span> <span class='ocrx_word' id='word_1_171' title='bbox 1164 1661 1209 1728; x_wconf 91' lang='lat' dir='ltr'><strong>ad</strong></span> <span class='ocrx_word' id='word_1_172' title='bbox 1234 1681 1352 1728; x_wconf 89' lang='lat' dir='ltr'><strong>veram</strong></span> <span class='ocrx_word' id='word_1_173' title='bbox 1376 1657 1655 1730; x_wconf 87' lang='lat' dir='ltr'><strong>consolationem</strong></span> <span class='ocrx_word' id='word_1_174' title='bbox 1677 1662 1909 1736; x_wconf 86' lang='lat' dir='ltr'><strong>necessariam</strong></span> <span class='ocrx_word' id='word_1_175' title='bbox 1930 1689 2018 1740; x_wconf 77' lang='lat' dir='ltr'><strong>esse·</strong></span> <span class='ocrx_word' id='word_1_176' title='bbox 2083 1669 2154 1745; x_wconf 84' lang='lat' dir='ltr'><strong>fto-</strong></span> 
     </span>
     <span class='ocr_line' id='line_1_15' title="bbox 128 1755 2152 1860; baseline 0.007 -28"><span class='ocrx_word' id='word_1_177' title='bbox 128 1759 189 1832; x_wconf 74' lang='lat' dir='ltr'><strong>aio</strong></span> <span class='ocrx_word' id='word_1_178' title='bbox 210 1757 277 1843; x_wconf 89' lang='lat' dir='ltr'><strong>sit,</strong></span> <span class='ocrx_word' id='word_1_179' title='bbox 313 1757 407 1828; x_wconf 89' lang='lat' dir='ltr'><strong>ratio</strong></span> <span class='ocrx_word' id='word_1_180' title='bbox 428 1757 468 1826; x_wconf 96' lang='lat' dir='ltr'><strong>in</strong></span> <span class='ocrx_word' id='word_1_181' title='bbox 488 1759 655 1830; x_wconf 90' lang='lat' dir='ltr'><strong>omnibus</strong></span> <span class='ocrx_word' id='word_1_182' title='bbox 679 1755 886 1832; x_wconf 90' lang='lat' dir='ltr'><strong>homiuibus</strong></span> <span class='ocrx_word' id='word_1_183' title='bbox 901 1760 1002 1831; x_wconf 87' lang='lat' dir='ltr'><strong>fateri</strong></span> <span class='ocrx_word' id='word_1_184' title='bbox 1017 1759 1115 1848; x_wconf 91' lang='lat' dir='ltr'><strong>cogi·</strong></span> <span class='ocrx_word' id='word_1_185' title='bbox 1164 1783 1233 1853; x_wconf 89' lang='lat' dir='ltr'><strong>que</strong></span> <span class='ocrx_word' id='word_1_186' title='bbox 1263 1758 1370 1860; x_wconf 85' lang='lat' dir='ltr'><strong>honis</strong></span> <span class='ocrx_word' id='word_1_187' title='bbox 1390 1760 1571 1834; x_wconf 85' lang='lat' dir='ltr'><strong>mentibus</strong></span> <span class='ocrx_word' id='word_1_188' title='bbox 1590 1761 1773 1834; x_wconf 88' lang='lat' dir='ltr'><strong>doctrinae</strong></span> <span class='ocrx_word' id='word_1_189' title='bbox 1796 1787 1907 1856; x_wconf 90' lang='lat' dir='ltr'><strong>genus</strong></span> <span class='ocrx_word' id='word_1_190' title='bbox 1931 1768 1970 1838; x_wconf 93' lang='lat' dir='ltr'><strong>in</strong></span> <span class='ocrx_word' id='word_1_191' title='bbox 1993 1765 2152 1846; x_wconf 76' lang='lat' dir='ltr'><strong>Ecclesia</strong></span> 
     </span>
     <span class='ocr_line' id='line_1_16' title="bbox 120 1859 2151 1961; baseline 0.007 -29"><span class='ocrx_word' id='word_1_192' title='bbox 120 1875 192 1948; x_wconf 88' lang='lat' dir='ltr'><strong>tor,</strong></span> <span class='ocrx_word' id='word_1_193' title='bbox 217 1859 445 1952; x_wconf 89' lang='lat' dir='ltr'><strong>impossihile</strong></span> <span class='ocrx_word' id='word_1_194' title='bbox 461 1881 552 1945; x_wconf 87' lang='lat' dir='ltr'><strong>esse,</strong></span> <span class='ocrx_word' id='word_1_195' title='bbox 576 1861 687 1931; x_wconf 90' lang='lat' dir='ltr'><strong>ullam</strong></span> <span class='ocrx_word' id='word_1_196' title='bbox 701 1876 842 1952; x_wconf 88' lang='lat' dir='ltr'><strong>gentem</strong></span> <span class='ocrx_word' id='word_1_197' title='bbox 859 1863 1030 1954; x_wconf 88' lang='lat' dir='ltr'><strong>populum</strong></span> <span class='ocrx_word' id='word_1_198' title='bbox 1046 1859 1111 1932; x_wconf 92' lang='lat' dir='ltr'><strong>Dei</strong></span> <span class='ocrx_word' id='word_1_199' title='bbox 1163 1860 1409 1933; x_wconf 89' lang='lat' dir='ltr'><strong>dulcissimum</strong></span> <span class='ocrx_word' id='word_1_200' title='bbox 1432 1875 1503 1946; x_wconf 89' lang='lat' dir='ltr'><strong>est,</strong></span> <span class='ocrx_word' id='word_1_201' title='bbox 1528 1885 1609 1934; x_wconf 91' lang='lat' dir='ltr'><strong>cum</strong></span> <span class='ocrx_word' id='word_1_202' title='bbox 1631 1863 1748 1936; x_wconf 88' lang='lat' dir='ltr'><strong>fontes</strong></span> <span class='ocrx_word' id='word_1_203' title='bbox 1762 1864 1959 1961; x_wconf 88' lang='lat' dir='ltr'><strong>incorrupti</strong></span> <span class='ocrx_word' id='word_1_204' title='bbox 1976 1866 2151 1946; x_wconf 87' lang='lat' dir='ltr'><strong>hauriun-</strong></span> 
     </span>
     <span class='ocr_line' id='line_1_17' title="bbox 116 1959 2151 2072; baseline 0.007 -38"><span class='ocrx_word' id='word_1_205' title='bbox 116 1984 209 2044; x_wconf 84' lang='lat' dir='ltr'><strong>esse,</strong></span> <span class='ocrx_word' id='word_1_206' title='bbox 244 1983 340 2056; x_wconf 83' lang='lat' dir='ltr'><strong>quae</strong></span> <span class='ocrx_word' id='word_1_207' title='bbox 367 1959 480 2032; x_wconf 87' lang='lat' dir='ltr'><strong>sancit</strong></span> <span class='ocrx_word' id='word_1_208' title='bbox 509 1961 602 2051; x_wconf 85' lang='lat' dir='ltr'><strong>leges</strong></span> <span class='ocrx_word' id='word_1_209' title='bbox 632 1962 828 2036; x_wconf 87' lang='lat' dir='ltr'><strong>contrarias</strong></span> <span class='ocrx_word' id='word_1_210' title='bbox 850 1964 994 2034; x_wconf 89' lang='lat' dir='ltr'><strong>divinae</strong></span> <span class='ocrx_word' id='word_1_211' title='bbox 1014 1960 1113 2052; x_wconf 85' lang='lat' dir='ltr'><strong>Legi.</strong></span> <span class='ocrx_word' id='word_1_212' title='bbox 1163 1975 1233 2038; x_wconf 91' lang='lat' dir='ltr'><strong>tur.</strong></span> <span class='ocrx_word' id='word_1_213' title='bbox 1282 1959 1365 2034; x_wconf 87' lang='lat' dir='ltr'><strong>Nou</strong></span> <span class='ocrx_word' id='word_1_214' title='bbox 1387 1962 1484 2034; x_wconf 93' lang='lat' dir='ltr'><strong>enim</strong></span> <span class='ocrx_word' id='word_1_215' title='bbox 1505 1964 1655 2036; x_wconf 89' lang='lat' dir='ltr'><strong>nomino</strong></span> <span class='ocrx_word' id='word_1_216' title='bbox 1671 1961 1880 2038; x_wconf 81' lang='lat' dir='ltr'><strong>Ecclesiam</strong></span> <span class='ocrx_word' id='word_1_217' title='bbox 1895 1967 2078 2046; x_wconf 80' lang='lat' dir='ltr'><strong>Romanos</strong></span> <span class='ocrx_word' id='word_1_218' title='bbox 2093 1990 2151 2072; x_wconf 85' lang='lat' dir='ltr'><strong>ty-</strong></span> 
     </span>
     <span class='ocr_line' id='line_1_18' title="bbox 114 2057 2149 2170; baseline 0.004 -36"><span class='ocrx_word' id='word_1_219' title='bbox 114 2063 211 2140; x_wconf 87' lang='lat' dir='ltr'><strong>Sunt</strong></span> <span class='ocrx_word' id='word_1_220' title='bbox 232 2077 355 2136; x_wconf 87' lang='lat' dir='ltr'><strong>autern</strong></span> <span class='ocrx_word' id='word_1_221' title='bbox 376 2057 416 2132; x_wconf 95' lang='lat' dir='ltr'><strong>hi</strong></span> <span class='ocrx_word' id='word_1_222' title='bbox 431 2085 636 2136; x_wconf 89' lang='lat' dir='ltr'><strong>communes</strong></span> <span class='ocrx_word' id='word_1_223' title='bbox 651 2065 964 2136; x_wconf 90' lang='lat' dir='ltr'><strong>furoresomnium</strong></span> <span class='ocrx_word' id='word_1_224' title='bbox 979 2059 1113 2134; x_wconf 85' lang='lat' dir='ltr'><strong>Ethni-</strong></span> <span class='ocrx_word' id='word_1_225' title='bbox 1163 2087 1295 2134; x_wconf 90' lang='lat' dir='ltr'><strong>ranuos</strong></span> <span class='ocrx_word' id='word_1_226' title='bbox 1318 2077 1353 2134; x_wconf 89' lang='lat' dir='ltr'><strong>et</strong></span> <span class='ocrx_word' id='word_1_227' title='bbox 1374 2059 1594 2152; x_wconf 85' lang='lat' dir='ltr'><strong>Monachus,</strong></span> <span class='ocrx_word' id='word_1_228' title='bbox 1632 2089 1757 2138; x_wconf 89' lang='lat' dir='ltr'><strong>eornm</strong></span> <span class='ocrx_word' id='word_1_229' title='bbox 1780 2069 1962 2157; x_wconf 87' lang='lat' dir='ltr'><strong>satellites,</strong></span> <span class='ocrx_word' id='word_1_230' title='bbox 1999 2075 2061 2170; x_wconf 87' lang='lat' dir='ltr'><strong>qui</strong></span> <span class='ocrx_word' id='word_1_231' title='bbox 2083 2101 2149 2170; x_wconf 81' lang='lat' dir='ltr'><strong>pru</strong></span> 
     </span>
     <span class='ocr_line' id='line_1_19' title="bbox 113 2163 2149 2258; baseline 0.005 -20"><span class='ocrx_word' id='word_1_232' title='bbox 113 2183 263 2248; x_wconf 85' lang='lat' dir='ltr'><strong>corum,</strong></span> <span class='ocrx_word' id='word_1_233' title='bbox 289 2163 455 2236; x_wconf 85' lang='lat' dir='ltr'><strong>invocare</strong></span> <span class='ocrx_word' id='word_1_234' title='bbox 475 2165 617 2236; x_wconf 88' lang='lat' dir='ltr'><strong>turham</strong></span> <span class='ocrx_word' id='word_1_235' title='bbox 632 2165 813 2246; x_wconf 86' lang='lat' dir='ltr'><strong>Deorum,</strong></span> <span class='ocrx_word' id='word_1_236' title='bbox 842 2181 876 2238; x_wconf 88' lang='lat' dir='ltr'><strong>et</strong></span> <span class='ocrx_word' id='word_1_237' title='bbox 892 2165 1113 2256; x_wconf 87' lang='lat' dir='ltr'><strong>prodigiosas</strong></span> <span class='ocrx_word' id='word_1_238' title='bbox 1163 2166 1324 2236; x_wconf 91' lang='lat' dir='ltr'><strong>doctrina</strong></span> <span class='ocrx_word' id='word_1_239' title='bbox 1347 2165 1409 2234; x_wconf 87' lang='lat' dir='ltr'><strong>lilii</strong></span> <span class='ocrx_word' id='word_1_240' title='bbox 1426 2163 1493 2236; x_wconf 90' lang='lat' dir='ltr'><strong>Dei</strong></span> <span class='ocrx_word' id='word_1_241' title='bbox 1514 2181 1719 2258; x_wconf 86' lang='lat' dir='ltr'><strong>sparserunt</strong></span> <span class='ocrx_word' id='word_1_242' title='bbox 1736 2169 1775 2238; x_wconf 91' lang='lat' dir='ltr'><strong>in</strong></span> <span class='ocrx_word' id='word_1_243' title='bbox 1788 2175 1964 2244; x_wconf 90' lang='lat' dir='ltr'><strong>mundum</strong></span> <span class='ocrx_word' id='word_1_244' title='bbox 1980 2189 2071 2248; x_wconf 90' lang='lat' dir='ltr'><strong>tetra</strong></span> <span class='ocrx_word' id='word_1_245' title='bbox 2086 2203 2149 2250; x_wconf 86' lang='lat' dir='ltr'><strong>ve-</strong></span> 
     </span>
     <span class='ocr_line' id='line_1_20' title="bbox 111 2261 2148 2357; baseline 0.004 -19"><span class='ocrx_word' id='word_1_246' title='bbox 111 2267 259 2338; x_wconf 83' lang='lat' dir='ltr'><strong>fahnlss</strong></span> <span class='ocrx_word' id='word_1_247' title='bbox 273 2267 320 2336; x_wconf 90' lang='lat' dir='ltr'><strong>de</strong></span> <span class='ocrx_word' id='word_1_248' title='bbox 335 2263 414 2336; x_wconf 89' lang='lat' dir='ltr'><strong>Diis</strong></span> <span class='ocrx_word' id='word_1_249' title='bbox 426 2265 570 2356; x_wconf 84' lang='lat' dir='ltr'><strong>fingere,</strong></span> <span class='ocrx_word' id='word_1_250' title='bbox 596 2281 631 2338; x_wconf 87' lang='lat' dir='ltr'><strong>et</strong></span> <span class='ocrx_word' id='word_1_251' title='bbox 646 2268 782 2357; x_wconf 86' lang='lat' dir='ltr'><strong>legibus</strong></span> <span class='ocrx_word' id='word_1_252' title='bbox 799 2271 989 2338; x_wconf 85' lang='lat' dir='ltr'><strong>concedere</strong></span> <span class='ocrx_word' id='word_1_253' title='bbox 1006 2280 1111 2338; x_wconf 89' lang='lat' dir='ltr'><strong>tetras</strong></span> <span class='ocrx_word' id='word_1_254' title='bbox 1162 2289 1275 2347; x_wconf 87' lang='lat' dir='ltr'><strong>uena,</strong></span> <span class='ocrx_word' id='word_1_255' title='bbox 1307 2279 1341 2338; x_wconf 90' lang='lat' dir='ltr'><strong>et</strong></span> <span class='ocrx_word' id='word_1_256' title='bbox 1363 2261 1541 2337; x_wconf 80' lang='lat' dir='ltr'><strong>Ecclesiae</strong></span> <span class='ocrx_word' id='word_1_257' title='bbox 1563 2269 1762 2340; x_wconf 90' lang='lat' dir='ltr'><strong>doctrinam</strong></span> <span class='ocrx_word' id='word_1_258' title='bbox 1787 2275 2086 2352; x_wconf 81' lang='lat' dir='ltr'><strong>transformarunt</strong></span> <span class='ocrx_word' id='word_1_259' title='bbox 2108 2281 2148 2352; x_wconf 90' lang='lat' dir='ltr'><strong>in</strong></span> 
     </span>
     <span class='ocr_line' id='line_1_21' title="bbox 110 2362 2149 2469; baseline 0.005 -29"><span class='ocrx_word' id='word_1_260' title='bbox 110 2369 316 2442; x_wconf 86' lang='lat' dir='ltr'><strong>libidinum</strong></span> <span class='ocrx_word' id='word_1_261' title='bbox 340 2368 578 2442; x_wconf 86' lang='lat' dir='ltr'><strong>confusiones.</strong></span> <span class='ocrx_word' id='word_1_262' title='bbox 630 2364 737 2456; x_wconf 69' lang='lat' dir='ltr'><strong>Apum</strong></span> <span class='ocrx_word' id='word_1_263' title='bbox 764 2370 895 2440; x_wconf 88' lang='lat' dir='ltr'><strong>nnrltos</strong></span> <span class='ocrx_word' id='word_1_264' title='bbox 912 2371 1017 2439; x_wconf 89' lang='lat' dir='ltr'><strong>etiam</strong></span> <span class='ocrx_word' id='word_1_265' title='bbox 1038 2367 1110 2438; x_wconf 82' lang='lat' dir='ltr'><strong>exi·</strong></span> <span class='ocrx_word' id='word_1_266' title='bbox 1151 2362 1333 2440; x_wconf 86' lang='lat' dir='ltr'><strong>&#39;Ethnicas</strong></span> <span class='ocrx_word' id='word_1_267' title='bbox 1354 2366 1556 2457; x_wconf 87' lang='lat' dir='ltr'><strong>opiniones.</strong></span> <span class='ocrx_word' id='word_1_268' title='bbox 1609 2366 1777 2440; x_wconf 85' lang='lat' dir='ltr'><strong>luvocant</strong></span> <span class='ocrx_word' id='word_1_269' title='bbox 1797 2365 1960 2446; x_wconf 87' lang='lat' dir='ltr'><strong>homines</strong></span> <span class='ocrx_word' id='word_1_270' title='bbox 1976 2394 2149 2469; x_wconf 87' lang='lat' dir='ltr'><strong>mortuos,</strong></span> 
     </span>
     <span class='ocr_line' id='line_1_22' title="bbox 109 2464 2147 2573; baseline 0.005 -31"><span class='ocrx_word' id='word_1_271' title='bbox 109 2471 173 2542; x_wconf 87' lang='lat' dir='ltr'><strong>mii</strong></span> <span class='ocrx_word' id='word_1_272' title='bbox 201 2472 325 2542; x_wconf 90' lang='lat' dir='ltr'><strong>cultus</strong></span> <span class='ocrx_word' id='word_1_273' title='bbox 346 2467 490 2540; x_wconf 91' lang='lat' dir='ltr'><strong>fuernut</strong></span> <span class='ocrx_word' id='word_1_274' title='bbox 511 2473 741 2540; x_wconf 83' lang='lat' dir='ltr'><strong>mactationes</strong></span> <span class='ocrx_word' id='word_1_275' title='bbox 755 2464 963 2552; x_wconf 87' lang='lat' dir='ltr'><strong>hominum,</strong></span> <span class='ocrx_word' id='word_1_276' title='bbox 990 2483 1110 2560; x_wconf 89' lang='lat' dir='ltr'><strong>stupra</strong></span> <span class='ocrx_word' id='word_1_277' title='bbox 1161 2469 1287 2540; x_wconf 88' lang='lat' dir='ltr'><strong>iubent</strong></span> <span class='ocrx_word' id='word_1_278' title='bbox 1312 2469 1453 2540; x_wconf 87' lang='lat' dir='ltr'><strong>adorari</strong></span> <span class='ocrx_word' id='word_1_279' title='bbox 1475 2465 1591 2540; x_wconf 91' lang='lat' dir='ltr'><strong>Deum</strong></span> <span class='ocrx_word' id='word_1_280' title='bbox 1614 2467 1771 2558; x_wconf 88' lang='lat' dir='ltr'><strong>Maaam,</strong></span> <span class='ocrx_word' id='word_1_281' title='bbox 1812 2473 1976 2549; x_wconf 88' lang='lat' dir='ltr'><strong>videlicet</strong></span> <span class='ocrx_word' id='word_1_282' title='bbox 2006 2503 2147 2573; x_wconf 68' lang='lat' dir='ltr'><strong>paoem</strong></span> 
     </span>
     <span class='ocr_line' id='line_1_23' title="bbox 110 2569 2146 2669; baseline 0.001 -23"><span class='ocrx_word' id='word_1_283' title='bbox 110 2597 148 2646; x_wconf 89' lang='lat' dir='ltr'><strong>ac</strong></span> <span class='ocrx_word' id='word_1_284' title='bbox 172 2569 370 2644; x_wconf 89' lang='lat' dir='ltr'><strong>adulteria.</strong></span> <span class='ocrx_word' id='word_1_285' title='bbox 420 2569 538 2642; x_wconf 81' lang='lat' dir='ltr'><strong>Fateci</strong></span> <span class='ocrx_word' id='word_1_286' title='bbox 562 2571 671 2661; x_wconf 89' lang='lat' dir='ltr'><strong>igitur</strong></span> <span class='ocrx_word' id='word_1_287' title='bbox 686 2572 775 2642; x_wconf 92' lang='lat' dir='ltr'><strong>ratio</strong></span> <span class='ocrx_word' id='word_1_288' title='bbox 792 2571 903 2662; x_wconf 83' lang='lat' dir='ltr'><strong>cogit,</strong></span> <span class='ocrx_word' id='word_1_289' title='bbox 928 2570 1057 2662; x_wconf 80' lang='lat' dir='ltr'><strong>Legem</strong></span> <span class='ocrx_word' id='word_1_290' title='bbox 1072 2571 1110 2638; x_wconf 90' lang='lat' dir='ltr'><strong>in</strong></span> <span class='ocrx_word' id='word_1_291' title='bbox 1161 2594 1266 2664; x_wconf 90' lang='lat' dir='ltr'><strong>quern</strong></span> <span class='ocrx_word' id='word_1_292' title='bbox 1297 2570 1334 2640; x_wconf 92' lang='lat' dir='ltr'><strong>in</strong></span> <span class='ocrx_word' id='word_1_293' title='bbox 1363 2571 1504 2663; x_wconf 87' lang='lat' dir='ltr'><strong>pompis</strong></span> <span class='ocrx_word' id='word_1_294' title='bbox 1528 2583 1688 2661; x_wconf 85' lang='lat' dir='ltr'><strong>gestant,</strong></span> <span class='ocrx_word' id='word_1_295' title='bbox 1718 2573 1887 2646; x_wconf 86' lang='lat' dir='ltr'><strong>sacrificia</strong></span> <span class='ocrx_word' id='word_1_296' title='bbox 1912 2580 2090 2669; x_wconf 78' lang='lat' dir='ltr'><strong>provisis</strong></span> <span class='ocrx_word' id='word_1_297' title='bbox 2110 2597 2146 2656; x_wconf 83' lang='lat' dir='ltr'><strong>et</strong></span> 
     </span>
     <span class='ocr_line' id='line_1_24' title="bbox 109 2669 2145 2763; baseline 0.002 -15"><span class='ocrx_word' id='word_1_298' title='bbox 109 2671 276 2748; x_wconf 80' lang='lat' dir='ltr'><strong>Ecclesia</strong></span> <span class='ocrx_word' id='word_1_299' title='bbox 294 2669 426 2744; x_wconf 89' lang='lat' dir='ltr'><strong>rectius</strong></span> <span class='ocrx_word' id='word_1_300' title='bbox 439 2672 570 2744; x_wconf 91' lang='lat' dir='ltr'><strong>doceri.</strong></span> <span class='ocrx_word' id='word_1_301' title='bbox 611 2671 689 2744; x_wconf 90' lang='lat' dir='ltr'><strong>Hoc</strong></span> <span class='ocrx_word' id='word_1_302' title='bbox 704 2687 911 2763; x_wconf 83' lang='lat' dir='ltr'><strong>argrrmento</strong></span> <span class='ocrx_word' id='word_1_303' title='bbox 928 2686 963 2743; x_wconf 90' lang='lat' dir='ltr'><strong>et</strong></span> <span class='ocrx_word' id='word_1_304' title='bbox 978 2685 1111 2743; x_wconf 86' lang='lat' dir='ltr'><strong>veteres</strong></span> <span class='ocrx_word' id='word_1_305' title='bbox 1161 2671 1312 2744; x_wconf 89' lang='lat' dir='ltr'><strong>mortuis</strong></span> <span class='ocrx_word' id='word_1_306' title='bbox 1336 2673 1515 2756; x_wconf 89' lang='lat' dir='ltr'><strong>vendunt,</strong></span> <span class='ocrx_word' id='word_1_307' title='bbox 1547 2671 1686 2762; x_wconf 83' lang='lat' dir='ltr'><strong>hugum</strong></span> <span class='ocrx_word' id='word_1_308' title='bbox 1708 2674 1825 2746; x_wconf 88' lang='lat' dir='ltr'><strong>cultos</strong></span> <span class='ocrx_word' id='word_1_309' title='bbox 1847 2672 1935 2762; x_wconf 89' lang='lat' dir='ltr'><strong>Dei,</strong></span> <span class='ocrx_word' id='word_1_310' title='bbox 1967 2684 2145 2756; x_wconf 88' lang='lat' dir='ltr'><strong>scenicum</strong></span> 
     </span>
     <span class='ocr_line' id='line_1_25' title="bbox 111 2769 2147 2876; baseline 0.005 -32"><span class='ocrx_word' id='word_1_311' title='bbox 111 2777 148 2845; x_wconf 93' lang='lat' dir='ltr'><strong>in</strong></span> <span class='ocrx_word' id='word_1_312' title='bbox 169 2773 452 2846; x_wconf 76' lang='lat' dir='ltr'><strong>refutationibus</strong></span> <span class='ocrx_word' id='word_1_313' title='bbox 467 2769 706 2846; x_wconf 85' lang='lat' dir='ltr'><strong>Ethnicornm</strong></span> <span class='ocrx_word' id='word_1_314' title='bbox 722 2775 886 2850; x_wconf 79' lang='lat' dir='ltr'><strong>anisum.</strong></span> <span class='ocrx_word' id='word_1_315' title='bbox 924 2773 1109 2846; x_wconf 83' lang='lat' dir='ltr'><strong>Praeterea</strong></span> <span class='ocrx_word' id='word_1_316' title='bbox 1160 2775 1382 2857; x_wconf 80' lang='lat' dir='ltr'><strong>restitutum,</strong></span> <span class='ocrx_word' id='word_1_317' title='bbox 1414 2785 1450 2846; x_wconf 89' lang='lat' dir='ltr'><strong>et</strong></span> <span class='ocrx_word' id='word_1_318' title='bbox 1468 2774 1556 2844; x_wconf 86' lang='lat' dir='ltr'><strong>alias</strong></span> <span class='ocrx_word' id='word_1_319' title='bbox 1574 2775 1795 2866; x_wconf 85' lang='lat' dir='ltr'><strong>praestigias,</strong></span> <span class='ocrx_word' id='word_1_320' title='bbox 1816 2779 2027 2854; x_wconf 84' lang='lat' dir='ltr'><strong>confirmant</strong></span> <span class='ocrx_word' id='word_1_321' title='bbox 2043 2808 2147 2876; x_wconf 82' lang='lat' dir='ltr'><strong>vagas</strong></span> 
     </span>
     <span class='ocr_line' id='line_1_26' title="bbox 111 2872 2146 2968; baseline -0.001 -18"><span class='ocrx_word' id='word_1_322' title='bbox 111 2873 374 2968; x_wconf 74' lang='lat' dir='ltr'><strong>Drangelium,</strong></span> <span class='ocrx_word' id='word_1_323' title='bbox 408 2875 474 2946; x_wconf 89' lang='lat' dir='ltr'><strong>etsi</strong></span> <span class='ocrx_word' id='word_1_324' title='bbox 497 2897 572 2946; x_wconf 91' lang='lat' dir='ltr'><strong>non</strong></span> <span class='ocrx_word' id='word_1_325' title='bbox 591 2889 642 2948; x_wconf 91' lang='lat' dir='ltr'><strong>est</strong></span> <span class='ocrx_word' id='word_1_326' title='bbox 665 2877 796 2948; x_wconf 86' lang='lat' dir='ltr'><strong>rationi</strong></span> <span class='ocrx_word' id='word_1_327' title='bbox 818 2891 964 2962; x_wconf 88' lang='lat' dir='ltr'><strong>notum,</strong></span> <span class='ocrx_word' id='word_1_328' title='bbox 991 2888 1108 2948; x_wconf 89' lang='lat' dir='ltr'><strong>tamen</strong></span> <span class='ocrx_word' id='word_1_329' title='bbox 1160 2875 1339 2950; x_wconf 89' lang='lat' dir='ltr'><strong>libidines.</strong></span> <span class='ocrx_word' id='word_1_330' title='bbox 1390 2872 1469 2945; x_wconf 88' lang='lat' dir='ltr'><strong>Hoc</strong></span> <span class='ocrx_word' id='word_1_331' title='bbox 1494 2875 1643 2966; x_wconf 89' lang='lat' dir='ltr'><strong>impium</strong></span> <span class='ocrx_word' id='word_1_332' title='bbox 1666 2898 1791 2965; x_wconf 90' lang='lat' dir='ltr'><strong>agmen</strong></span> <span class='ocrx_word' id='word_1_333' title='bbox 1813 2902 1886 2948; x_wconf 91' lang='lat' dir='ltr'><strong>non</strong></span> <span class='ocrx_word' id='word_1_334' title='bbox 1910 2884 2057 2952; x_wconf 91' lang='lat' dir='ltr'><strong>nomino</strong></span> <span class='ocrx_word' id='word_1_335' title='bbox 2076 2883 2146 2958; x_wconf 80' lang='lat' dir='ltr'><strong>Ec.</strong></span> 
     </span>
     <span class='ocr_line' id='line_1_27' title="bbox 115 2971 2146 3073; baseline 0.003 -21"><span class='ocrx_word' id='word_1_336' title='bbox 115 3003 172 3052; x_wconf 88' lang='lat' dir='ltr'><strong>eas</strong></span> <span class='ocrx_word' id='word_1_337' title='bbox 193 3003 254 3050; x_wconf 88' lang='lat' dir='ltr'><strong>rea</strong></span> <span class='ocrx_word' id='word_1_338' title='bbox 277 2974 463 3070; x_wconf 80' lang='lat' dir='ltr'><strong>patefacit,</strong></span> <span class='ocrx_word' id='word_1_339' title='bbox 492 2977 537 3048; x_wconf 92' lang='lat' dir='ltr'><strong>de</strong></span> <span class='ocrx_word' id='word_1_340' title='bbox 560 2978 690 3072; x_wconf 87' lang='lat' dir='ltr'><strong>quibua</strong></span> <span class='ocrx_word' id='word_1_341' title='bbox 713 2974 806 3048; x_wconf 90' lang='lat' dir='ltr'><strong>nihil</strong></span> <span class='ocrx_word' id='word_1_342' title='bbox 829 2979 1004 3050; x_wconf 82' lang='lat' dir='ltr'><strong>affirmare</strong></span> <span class='ocrx_word' id='word_1_343' title='bbox 1023 2975 1110 3046; x_wconf 90' lang='lat' dir='ltr'><strong>certi</strong></span> <span class='ocrx_word' id='word_1_344' title='bbox 1159 2977 1319 3062; x_wconf 78' lang='lat' dir='ltr'><strong>deciam,</strong></span> <span class='ocrx_word' id='word_1_345' title='bbox 1343 2977 1404 3048; x_wconf 93' lang='lat' dir='ltr'><strong>sed</strong></span> <span class='ocrx_word' id='word_1_346' title='bbox 1421 2971 1505 3062; x_wconf 91' lang='lat' dir='ltr'><strong>hos,</strong></span> <span class='ocrx_word' id='word_1_347' title='bbox 1529 2976 1593 3069; x_wconf 90' lang='lat' dir='ltr'><strong>qni</strong></span> <span class='ocrx_word' id='word_1_348' title='bbox 1607 2991 1736 3050; x_wconf 88' lang='lat' dir='ltr'><strong>sonant</strong></span> <span class='ocrx_word' id='word_1_349' title='bbox 1753 2978 1992 3073; x_wconf 88' lang='lat' dir='ltr'><strong>incorruptam</strong></span> <span class='ocrx_word' id='word_1_350' title='bbox 2010 2987 2146 3058; x_wconf 90' lang='lat' dir='ltr'><strong>doctri-</strong></span> 
     </span>
     <span class='ocr_line' id='line_1_28' title="bbox 113 3072 2146 3180; baseline 0 -30"><span class='ocrx_word' id='word_1_351' title='bbox 113 3081 302 3154; x_wconf 84' lang='lat' dir='ltr'><strong>doctrinae</strong></span> <span class='ocrx_word' id='word_1_352' title='bbox 314 3072 489 3149; x_wconf 81' lang='lat' dir='ltr'><strong>Dthuicae</strong></span> <span class='ocrx_word' id='word_1_353' title='bbox 504 3094 662 3170; x_wconf 89' lang='lat' dir='ltr'><strong>possunt,</strong></span> <span class='ocrx_word' id='word_1_354' title='bbox 686 3103 838 3174; x_wconf 87' lang='lat' dir='ltr'><strong>quarum</strong></span> <span class='ocrx_word' id='word_1_355' title='bbox 852 3093 971 3151; x_wconf 87' lang='lat' dir='ltr'><strong>tamen</strong></span> <span class='ocrx_word' id='word_1_356' title='bbox 988 3077 1110 3167; x_wconf 88' lang='lat' dir='ltr'><strong>cogni-</strong></span> <span class='ocrx_word' id='word_1_357' title='bbox 1159 3101 1242 3148; x_wconf 89' lang='lat' dir='ltr'><strong>nam</strong></span> <span class='ocrx_word' id='word_1_358' title='bbox 1267 3077 1332 3146; x_wconf 89' lang='lat' dir='ltr'><strong>lilii</strong></span> <span class='ocrx_word' id='word_1_359' title='bbox 1346 3076 1431 3158; x_wconf 90' lang='lat' dir='ltr'><strong>Dei,</strong></span> <span class='ocrx_word' id='word_1_360' title='bbox 1463 3079 1630 3148; x_wconf 78' lang='lat' dir='ltr'><strong>traditam</strong></span> <span class='ocrx_word' id='word_1_361' title='bbox 1646 3079 1684 3148; x_wconf 92' lang='lat' dir='ltr'><strong>in</strong></span> <span class='ocrx_word' id='word_1_362' title='bbox 1703 3074 1923 3172; x_wconf 87' lang='lat' dir='ltr'><strong>Propheticis</strong></span> <span class='ocrx_word' id='word_1_363' title='bbox 1939 3096 1973 3154; x_wconf 87' lang='lat' dir='ltr'><strong>et</strong></span> <span class='ocrx_word' id='word_1_364' title='bbox 1988 3079 2146 3180; x_wconf 79' lang='lat' dir='ltr'><strong>Aposto.</strong></span> 
     </span>
     <span class='ocr_line' id='line_1_29' title="bbox 119 3175 2144 3274; baseline 0.004 -20"><span class='ocrx_word' id='word_1_365' title='bbox 119 3183 251 3254; x_wconf 80' lang='lat' dir='ltr'><strong>doueru</strong></span> <span class='ocrx_word' id='word_1_366' title='bbox 273 3179 508 3252; x_wconf 85' lang='lat' dir='ltr'><strong>necessariam</strong></span> <span class='ocrx_word' id='word_1_367' title='bbox 532 3203 606 3252; x_wconf 91' lang='lat' dir='ltr'><strong>esse</strong></span> <span class='ocrx_word' id='word_1_368' title='bbox 620 3182 802 3252; x_wconf 89' lang='lat' dir='ltr'><strong>fatendum</strong></span> <span class='ocrx_word' id='word_1_369' title='bbox 820 3195 883 3255; x_wconf 87' lang='lat' dir='ltr'><strong>est.</strong></span> <span class='ocrx_word' id='word_1_370' title='bbox 933 3177 1027 3252; x_wconf 91' lang='lat' dir='ltr'><strong>Cum</strong></span> <span class='ocrx_word' id='word_1_371' title='bbox 1043 3175 1110 3250; x_wconf 89' lang='lat' dir='ltr'><strong>ho·</strong></span> <span class='ocrx_word' id='word_1_372' title='bbox 1159 3179 1237 3249; x_wconf 89' lang='lat' dir='ltr'><strong>licis</strong></span> <span class='ocrx_word' id='word_1_373' title='bbox 1260 3179 1361 3250; x_wconf 89' lang='lat' dir='ltr'><strong>libris</strong></span> <span class='ocrx_word' id='word_1_374' title='bbox 1385 3192 1421 3250; x_wconf 91' lang='lat' dir='ltr'><strong>et</strong></span> <span class='ocrx_word' id='word_1_375' title='bbox 1443 3177 1481 3248; x_wconf 91' lang='lat' dir='ltr'><strong>in</strong></span> <span class='ocrx_word' id='word_1_376' title='bbox 1505 3177 1695 3274; x_wconf 83' lang='lat' dir='ltr'><strong>Symbolis.</strong></span> <span class='ocrx_word' id='word_1_377' title='bbox 1759 3177 2003 3274; x_wconf 88' lang='lat' dir='ltr'><strong>Corrumpunt</strong></span> <span class='ocrx_word' id='word_1_378' title='bbox 2026 3190 2144 3262; x_wconf 85' lang='lat' dir='ltr'><strong>etalii</strong></span> 
     </span>
     <span class='ocr_line' id='line_1_30' title="bbox 120 3278 2145 3382; baseline 0.005 -28"><span class='ocrx_word' id='word_1_379' title='bbox 120 3307 173 3354; x_wconf 81' lang='lat' dir='ltr'><strong>uo</strong></span> <span class='ocrx_word' id='word_1_380' title='bbox 196 3285 249 3354; x_wconf 90' lang='lat' dir='ltr'><strong>sit</strong></span> <span class='ocrx_word' id='word_1_381' title='bbox 269 3283 388 3369; x_wconf 87' lang='lat' dir='ltr'><strong>imago</strong></span> <span class='ocrx_word' id='word_1_382' title='bbox 403 3278 470 3354; x_wconf 92' lang='lat' dir='ltr'><strong>Dei</strong></span> <span class='ocrx_word' id='word_1_383' title='bbox 492 3293 528 3352; x_wconf 88' lang='lat' dir='ltr'><strong>et</strong></span> <span class='ocrx_word' id='word_1_384' title='bbox 547 3283 592 3352; x_wconf 92' lang='lat' dir='ltr'><strong>sit</strong></span> <span class='ocrx_word' id='word_1_385' title='bbox 613 3284 797 3367; x_wconf 88' lang='lat' dir='ltr'><strong>conditus,</strong></span> <span class='ocrx_word' id='word_1_386' title='bbox 830 3297 871 3354; x_wconf 93' lang='lat' dir='ltr'><strong>ut</strong></span> <span class='ocrx_word' id='word_1_387' title='bbox 890 3294 1055 3372; x_wconf 85' lang='lat' dir='ltr'><strong>agnoscat</strong></span> <span class='ocrx_word' id='word_1_388' title='bbox 1074 3293 1110 3352; x_wconf 89' lang='lat' dir='ltr'><strong>et</strong></span> <span class='ocrx_word' id='word_1_389' title='bbox 1159 3280 1263 3352; x_wconf 90' lang='lat' dir='ltr'><strong>multi</strong></span> <span class='ocrx_word' id='word_1_390' title='bbox 1278 3280 1473 3372; x_wconf 88' lang='lat' dir='ltr'><strong>simplicem</strong></span> <span class='ocrx_word' id='word_1_391' title='bbox 1488 3279 1709 3364; x_wconf 86' lang='lat' dir='ltr'><strong>doctrinam,</strong></span> <span class='ocrx_word' id='word_1_392' title='bbox 1732 3293 1768 3352; x_wconf 89' lang='lat' dir='ltr'><strong>et</strong></span> <span class='ocrx_word' id='word_1_393' title='bbox 1782 3283 1956 3356; x_wconf 89' lang='lat' dir='ltr'><strong>delectant</strong></span> <span class='ocrx_word' id='word_1_394' title='bbox 1973 3293 2145 3382; x_wconf 86' lang='lat' dir='ltr'><strong>quosdam</strong></span> 
     </span>
     <span class='ocr_line' id='line_1_31' title="bbox 129 3381 2146 3489; baseline 0.004 -34"><span class='ocrx_word' id='word_1_395' title='bbox 129 3385 271 3460; x_wconf 70' lang='lat' dir='ltr'><strong>edebm</strong></span> <span class='ocrx_word' id='word_1_396' title='bbox 286 3381 425 3469; x_wconf 85' lang='lat' dir='ltr'><strong>Deum,</strong></span> <span class='ocrx_word' id='word_1_397' title='bbox 457 3385 554 3454; x_wconf 89' lang='lat' dir='ltr'><strong>unde</strong></span> <span class='ocrx_word' id='word_1_398' title='bbox 574 3385 646 3456; x_wconf 86' lang='lat' dir='ltr'><strong>sint</strong></span> <span class='ocrx_word' id='word_1_399' title='bbox 667 3398 785 3456; x_wconf 87' lang='lat' dir='ltr'><strong>tantae</strong></span> <span class='ocrx_word' id='word_1_400' title='bbox 808 3384 1049 3456; x_wconf 89' lang='lat' dir='ltr'><strong>dubitationes</strong></span> <span class='ocrx_word' id='word_1_401' title='bbox 1070 3381 1108 3452; x_wconf 92' lang='lat' dir='ltr'><strong>iu</strong></span> <span class='ocrx_word' id='word_1_402' title='bbox 1158 3381 1366 3473; x_wconf 80' lang='lat' dir='ltr'><strong>praestigiae</strong></span> <span class='ocrx_word' id='word_1_403' title='bbox 1390 3381 1695 3474; x_wconf 86' lang='lat' dir='ltr'><strong>disputationum,</strong></span> <span class='ocrx_word' id='word_1_404' title='bbox 1733 3396 1775 3454; x_wconf 91' lang='lat' dir='ltr'><strong>ut</strong></span> <span class='ocrx_word' id='word_1_405' title='bbox 1795 3384 1882 3456; x_wconf 88' lang='lat' dir='ltr'><strong>olim</strong></span> <span class='ocrx_word' id='word_1_406' title='bbox 1907 3383 2045 3462; x_wconf 88' lang='lat' dir='ltr'><strong>Stoicos</strong></span> <span class='ocrx_word' id='word_1_407' title='bbox 2065 3390 2146 3489; x_wconf 87' lang='lat' dir='ltr'><strong>et⁷)</strong></span> 
     </span>
     <span class='ocr_line' id='line_1_32' title="bbox 130 3478 2145 3581; baseline 0.003 -25"><span class='ocrx_word' id='word_1_408' title='bbox 130 3485 298 3560; x_wconf 87' lang='lat' dir='ltr'><strong>mentibus</strong></span> <span class='ocrx_word' id='word_1_409' title='bbox 325 3478 491 3556; x_wconf 90' lang='lat' dir='ltr'><strong>humanis</strong></span> <span class='ocrx_word' id='word_1_410' title='bbox 506 3480 554 3579; x_wconf 85' lang='lat'><strong>⁸);</strong></span> <span class='ocrx_word' id='word_1_411' title='bbox 596 3488 692 3558; x_wconf 91' lang='lat' dir='ltr'><strong>unde</strong></span> <span class='ocrx_word' id='word_1_412' title='bbox 717 3486 903 3558; x_wconf 89' lang='lat' dir='ltr'><strong>dissidium</strong></span> <span class='ocrx_word' id='word_1_413' title='bbox 924 3486 1052 3556; x_wconf 90' lang='lat' dir='ltr'><strong>mentis</strong></span> <span class='ocrx_word' id='word_1_414' title='bbox 1074 3497 1109 3556; x_wconf 90' lang='lat' dir='ltr'><strong>et</strong></span> <span class='ocrx_word' id='word_1_415' title='bbox 1159 3481 1354 3576; x_wconf 88' lang='lat' dir='ltr'><strong>Epicureos</strong></span> <span class='ocrx_word' id='word_1_416' title='bbox 1383 3496 1417 3554; x_wconf 91' lang='lat' dir='ltr'><strong>et</strong></span> <span class='ocrx_word' id='word_1_417' title='bbox 1449 3481 1690 3558; x_wconf 85' lang='lat' dir='ltr'><strong>Academicos.</strong></span> <span class='ocrx_word' id='word_1_418' title='bbox 1755 3480 1848 3556; x_wconf 89' lang='lat' dir='ltr'><strong>Cum</strong></span> <span class='ocrx_word' id='word_1_419' title='bbox 1883 3501 2000 3560; x_wconf 84' lang='lat' dir='ltr'><strong>aetem</strong></span> <span class='ocrx_word' id='word_1_420' title='bbox 2033 3515 2145 3581; x_wconf 91' lang='lat' dir='ltr'><strong>genus</strong></span> 
     </span>
     <span class='ocr_line' id='line_1_33' title="bbox 123 3585 2145 3674; baseline 0.002 -14"><span class='ocrx_word' id='word_1_421' title='bbox 123 3587 251 3674; x_wconf 84' lang='lat' dir='ltr'><strong>cordis3</strong></span> <span class='ocrx_word' id='word_1_422' title='bbox 271 3587 373 3660; x_wconf 93' lang='lat' dir='ltr'><strong>uude</strong></span> <span class='ocrx_word' id='word_1_423' title='bbox 386 3599 484 3658; x_wconf 89' lang='lat' dir='ltr'><strong>tanta</strong></span> <span class='ocrx_word' id='word_1_424' title='bbox 499 3588 545 3660; x_wconf 88' lang='lat' dir='ltr'><strong>sit</strong></span> <span class='ocrx_word' id='word_1_425' title='bbox 557 3585 595 3656; x_wconf 92' lang='lat' dir='ltr'><strong>in</strong></span> <span class='ocrx_word' id='word_1_426' title='bbox 609 3589 714 3658; x_wconf 88' lang='lat' dir='ltr'><strong>corde</strong></span> <span class='ocrx_word' id='word_1_427' title='bbox 727 3587 947 3660; x_wconf 88' lang='lat' dir='ltr'><strong>coutumacia</strong></span> <span class='ocrx_word' id='word_1_428' title='bbox 964 3599 999 3656; x_wconf 87' lang='lat' dir='ltr'><strong>et</strong></span> <span class='ocrx_word' id='word_1_429' title='bbox 1011 3597 1108 3656; x_wconf 87' lang='lat' dir='ltr'><strong>tanta</strong></span> <span class='ocrx_word' id='word_1_430' title='bbox 1157 3587 1342 3658; x_wconf 87' lang='lat' dir='ltr'><strong>doctrinae</strong></span> <span class='ocrx_word' id='word_1_431' title='bbox 1369 3585 1577 3666; x_wconf 87' lang='lat' dir='ltr'><strong>laudamus,</strong></span> <span class='ocrx_word' id='word_1_432' title='bbox 1614 3585 1788 3654; x_wconf 87' lang='lat' dir='ltr'><strong>removeri</strong></span> <span class='ocrx_word' id='word_1_433' title='bbox 1818 3585 1983 3659; x_wconf 84' lang='lat' dir='ltr'><strong>volumus</strong></span> <span class='ocrx_word' id='word_1_434' title='bbox 2006 3605 2040 3663; x_wconf 88' lang='lat' dir='ltr'><strong>et</strong></span> <span class='ocrx_word' id='word_1_435' title='bbox 2064 3619 2145 3666; x_wconf 83' lang='lat' dir='ltr'><strong>cor·</strong></span> 
     </span>
     <span class='ocr_line' id='line_1_34' title="bbox 121 3683 1970 3779; baseline -0.002 -18"><span class='ocrx_word' id='word_1_436' title='bbox 121 3689 290 3762; x_wconf 84' lang='lat' dir='ltr'><strong>eitiorum</strong></span> <span class='ocrx_word' id='word_1_437' title='bbox 328 3687 513 3773; x_wconf 86' lang='lat' dir='ltr'><strong>incendia,</strong></span> <span class='ocrx_word' id='word_1_438' title='bbox 547 3712 629 3760; x_wconf 89' lang='lat' dir='ltr'><strong>cum</strong></span> <span class='ocrx_word' id='word_1_439' title='bbox 654 3687 728 3760; x_wconf 82' lang='lat' dir='ltr'><strong>Lex</strong></span> <span class='ocrx_word' id='word_1_440' title='bbox 761 3689 800 3758; x_wconf 92' lang='lat' dir='ltr'><strong>in</strong></span> <span class='ocrx_word' id='word_1_441' title='bbox 825 3702 944 3760; x_wconf 88' lang='lat' dir='ltr'><strong>mente</strong></span> <span class='ocrx_word' id='word_1_442' title='bbox 968 3686 1109 3757; x_wconf 85' lang='lat' dir='ltr'><strong>luceat?</strong></span> <span class='ocrx_word' id='word_1_443' title='bbox 1157 3689 1313 3779; x_wconf 88' lang='lat' dir='ltr'><strong>ruptelas</strong></span> <span class='ocrx_word' id='word_1_444' title='bbox 1329 3701 1363 3760; x_wconf 85' lang='lat' dir='ltr'><strong>et</strong></span> <span class='ocrx_word' id='word_1_445' title='bbox 1380 3684 1543 3756; x_wconf 90' lang='lat' dir='ltr'><strong>inanium</strong></span> <span class='ocrx_word' id='word_1_446' title='bbox 1559 3683 1841 3776; x_wconf 87' lang='lat' dir='ltr'><strong>disputationum</strong></span> <span class='ocrx_word' id='word_1_447' title='bbox 1855 3686 1970 3764; x_wconf 90' lang='lat' dir='ltr'><strong>ludos.</strong></span> 
     </span>
     <span class='ocr_line' id='line_1_35' title="bbox 115 3781 2142 3884; baseline 0.003 -24"><span class='ocrx_word' id='word_1_448' title='bbox 115 3791 235 3864; x_wconf 87' lang='lat' dir='ltr'><strong>sintne</strong></span> <span class='ocrx_word' id='word_1_449' title='bbox 258 3789 398 3862; x_wconf 90' lang='lat' dir='ltr'><strong>conditi</strong></span> <span class='ocrx_word' id='word_1_450' title='bbox 420 3783 604 3876; x_wconf 89' lang='lat' dir='ltr'><strong>homiues,</strong></span> <span class='ocrx_word' id='word_1_451' title='bbox 645 3802 687 3862; x_wconf 92' lang='lat' dir='ltr'><strong>ut</strong></span> <span class='ocrx_word' id='word_1_452' title='bbox 714 3789 787 3860; x_wconf 87' lang='lat' dir='ltr'><strong>aiot</strong></span> <span class='ocrx_word' id='word_1_453' title='bbox 817 3789 855 3860; x_wconf 91' lang='lat' dir='ltr'><strong>in</strong></span> <span class='ocrx_word' id='word_1_454' title='bbox 884 3787 1108 3880; x_wconf 90' lang='lat' dir='ltr'><strong>sempiternis</strong></span> <span class='ocrx_word' id='word_1_455' title='bbox 1257 3781 1404 3884; x_wconf 82' lang='lat' dir='ltr'><strong>Quarto</strong></span> <span class='ocrx_word' id='word_1_456' title='bbox 1428 3785 1507 3858; x_wconf 92' lang='lat' dir='ltr'><strong>loco</strong></span> <span class='ocrx_word' id='word_1_457' title='bbox 1527 3807 1755 3858; x_wconf 86' lang='lat' dir='ltr'><strong>numeramus</strong></span> <span class='ocrx_word' id='word_1_458' title='bbox 1776 3785 1976 3862; x_wconf 88' lang='lat' dir='ltr'><strong>mirandam</strong></span> <span class='ocrx_word' id='word_1_459' title='bbox 1998 3814 2142 3868; x_wconf 84' lang='lat' dir='ltr'><strong>conser-</strong></span> 
     </span>
     <span class='ocr_line' id='line_1_36' title="bbox 114 3880 2142 3985; baseline 0.003 -23"><span class='ocrx_word' id='word_1_460' title='bbox 114 3892 214 3966; x_wconf 80' lang='lat' dir='ltr'><strong>vitiis</strong></span> <span class='ocrx_word' id='word_1_461' title='bbox 238 3905 275 3962; x_wconf 92' lang='lat' dir='ltr'><strong>et</strong></span> <span class='ocrx_word' id='word_1_462' title='bbox 294 3889 473 3961; x_wconf 84' lang='lat' dir='ltr'><strong>miseriis?</strong></span> <span class='ocrx_word' id='word_1_463' title='bbox 497 3891 582 3984; x_wconf 92' lang='lat' dir='ltr'><strong>quid</strong></span> <span class='ocrx_word' id='word_1_464' title='bbox 605 3890 651 3962; x_wconf 88' lang='lat' dir='ltr'><strong>sit</strong></span> <span class='ocrx_word' id='word_1_465' title='bbox 672 3904 854 3985; x_wconf 90' lang='lat' dir='ltr'><strong>peccatum</strong></span> <span class='ocrx_word' id='word_1_466' title='bbox 876 3903 912 3964; x_wconf 91' lang='lat' dir='ltr'><strong>et</strong></span> <span class='ocrx_word' id='word_1_467' title='bbox 927 3889 1023 3962; x_wconf 91' lang='lat' dir='ltr'><strong>unde</strong></span> <span class='ocrx_word' id='word_1_468' title='bbox 1038 3888 1108 3962; x_wconf 80' lang='lat' dir='ltr'><strong>siti</strong></span> <span class='ocrx_word' id='word_1_469' title='bbox 1158 3887 1339 3962; x_wconf 78' lang='lat' dir='ltr'><strong>sotionem</strong></span> <span class='ocrx_word' id='word_1_470' title='bbox 1376 3880 1568 3958; x_wconf 83' lang='lat' dir='ltr'><strong>Ecclesiae</strong></span> <span class='ocrx_word' id='word_1_471' title='bbox 1606 3885 1700 3958; x_wconf 91' lang='lat' dir='ltr'><strong>inter</strong></span> <span class='ocrx_word' id='word_1_472' title='bbox 1733 3887 1857 3958; x_wconf 89' lang='lat' dir='ltr'><strong>ruinas</strong></span> <span class='ocrx_word' id='word_1_473' title='bbox 1896 3889 2142 3985; x_wconf 86' lang='lat' dir='ltr'><strong>imperiorum,</strong></span> 
     </span>
     <span class='ocr_line' id='line_1_37' title="bbox 114 3985 2142 4086; baseline 0 -18"><span class='ocrx_word' id='word_1_474' title='bbox 114 3996 215 4068; x_wconf 88' lang='lat' dir='ltr'><strong>uude</strong></span> <span class='ocrx_word' id='word_1_475' title='bbox 237 3993 288 4064; x_wconf 93' lang='lat' dir='ltr'><strong>sit</strong></span> <span class='ocrx_word' id='word_1_476' title='bbox 311 3991 436 4082; x_wconf 87' lang='lat' dir='ltr'><strong>ingens</strong></span> <span class='ocrx_word' id='word_1_477' title='bbox 457 3993 568 4066; x_wconf 89' lang='lat' dir='ltr'><strong>moles</strong></span> <span class='ocrx_word' id='word_1_478' title='bbox 588 3993 828 4066; x_wconf 85' lang='lat' dir='ltr'><strong>calamitatum</strong></span> <span class='ocrx_word' id='word_1_479' title='bbox 846 3991 883 4062; x_wconf 94' lang='lat' dir='ltr'><strong>in</strong></span> <span class='ocrx_word' id='word_1_480' title='bbox 898 4014 1025 4082; x_wconf 80' lang='lat' dir='ltr'><strong>genere</strong></span> <span class='ocrx_word' id='word_1_481' title='bbox 1038 3985 1108 4064; x_wconf 92' lang='lat' dir='ltr'><strong>hu·</strong></span> <span class='ocrx_word' id='word_1_482' title='bbox 1157 4017 1247 4086; x_wconf 87' lang='lat' dir='ltr'><strong>quae</strong></span> <span class='ocrx_word' id='word_1_483' title='bbox 1268 3991 1333 4064; x_wconf 88' lang='lat' dir='ltr'><strong>etsi</strong></span> <span class='ocrx_word' id='word_1_484' title='bbox 1354 3990 1393 4060; x_wconf 91' lang='lat' dir='ltr'><strong>in</strong></span> <span class='ocrx_word' id='word_1_485' title='bbox 1410 3988 1525 4082; x_wconf 87' lang='lat' dir='ltr'><strong>primo</strong></span> <span class='ocrx_word' id='word_1_486' title='bbox 1542 3987 1765 4076; x_wconf 88' lang='lat' dir='ltr'><strong>testimonio,</strong></span> <span class='ocrx_word' id='word_1_487' title='bbox 1788 3989 1950 4064; x_wconf 84' lang='lat' dir='ltr'><strong>videlicet</strong></span> <span class='ocrx_word' id='word_1_488' title='bbox 1967 3993 2061 4068; x_wconf 89' lang='lat' dir='ltr'><strong>inter</strong></span> <span class='ocrx_word' id='word_1_489' title='bbox 2074 4001 2142 4070; x_wconf 89' lang='lat' dir='ltr'><strong>mi·</strong></span> 
     </span>
     <span class='ocr_line' id='line_1_38' title="bbox 111 4087 2140 4184; baseline -0.004 -14"><span class='ocrx_word' id='word_1_490' title='bbox 111 4094 252 4170; x_wconf 82' lang='lat' dir='ltr'><strong>mano?</strong></span> <span class='ocrx_word' id='word_1_491' title='bbox 283 4095 380 4166; x_wconf 91' lang='lat' dir='ltr'><strong>unde</strong></span> <span class='ocrx_word' id='word_1_492' title='bbox 398 4107 472 4164; x_wconf 90' lang='lat' dir='ltr'><strong>tam</strong></span> <span class='ocrx_word' id='word_1_493' title='bbox 494 4095 611 4164; x_wconf 73' lang='lat' dir='ltr'><strong>varim</strong></span> <span class='ocrx_word' id='word_1_494' title='bbox 630 4093 865 4166; x_wconf 87' lang='lat' dir='ltr'><strong>dissensiones</strong></span> <span class='ocrx_word' id='word_1_495' title='bbox 882 4097 926 4164; x_wconf 91' lang='lat' dir='ltr'><strong>de</strong></span> <span class='ocrx_word' id='word_1_496' title='bbox 942 4092 1037 4180; x_wconf 89' lang='lat' dir='ltr'><strong>Deo;</strong></span> <span class='ocrx_word' id='word_1_497' title='bbox 1061 4117 1105 4164; x_wconf 90' lang='lat' dir='ltr'><strong>an</strong></span> <span class='ocrx_word' id='word_1_498' title='bbox 1158 4095 1297 4176; x_wconf 82' lang='lat' dir='ltr'><strong>rocula,</strong></span> <span class='ocrx_word' id='word_1_499' title='bbox 1326 4087 1582 4182; x_wconf 90' lang='lat' dir='ltr'><strong>comprehendi</strong></span> <span class='ocrx_word' id='word_1_500' title='bbox 1607 4103 1738 4184; x_wconf 88' lang='lat' dir='ltr'><strong>potest,</strong></span> <span class='ocrx_word' id='word_1_501' title='bbox 1764 4104 1883 4162; x_wconf 85' lang='lat' dir='ltr'><strong>tamen</strong></span> <span class='ocrx_word' id='word_1_502' title='bbox 1902 4117 1943 4164; x_wconf 88' lang='lat' dir='ltr'><strong>eo</strong></span> <span class='ocrx_word' id='word_1_503' title='bbox 1968 4098 2140 4172; x_wconf 88' lang='lat' dir='ltr'><strong>discerni.</strong></span> 
     </span>
     <span class='ocr_line' id='line_1_39' title="bbox 108 4185 2139 4289; baseline -0.003 -19"><span class='ocrx_word' id='word_1_504' title='bbox 108 4195 213 4270; x_wconf 87' lang='lat' dir='ltr'><strong>Deus</strong></span> <span class='ocrx_word' id='word_1_505' title='bbox 236 4209 273 4266; x_wconf 92' lang='lat' dir='ltr'><strong>et</strong></span> <span class='ocrx_word' id='word_1_506' title='bbox 291 4195 535 4268; x_wconf 77' lang='lat' dir='ltr'><strong>curexaudiat</strong></span> <span class='ocrx_word' id='word_1_507' title='bbox 552 4189 732 4281; x_wconf 82' lang='lat' dir='ltr'><strong>homines3</strong></span> <span class='ocrx_word' id='word_1_508' title='bbox 767 4219 813 4268; x_wconf 87' lang='lat' dir='ltr'><strong>au</strong></span> <span class='ocrx_word' id='word_1_509' title='bbox 826 4209 1012 4289; x_wconf 88' lang='lat' dir='ltr'><strong>postquam</strong></span> <span class='ocrx_word' id='word_1_510' title='bbox 1028 4219 1106 4266; x_wconf 92' lang='lat' dir='ltr'><strong>cor·</strong></span> <span class='ocrx_word' id='word_1_511' title='bbox 1157 4211 1216 4266; x_wconf 88' lang='lat' dir='ltr'><strong>tur</strong></span> <span class='ocrx_word' id='word_1_512' title='bbox 1236 4219 1255 4266; x_wconf 90' lang='lat' dir='ltr'><strong>a</strong></span> <span class='ocrx_word' id='word_1_513' title='bbox 1279 4193 1395 4286; x_wconf 92' lang='lat' dir='ltr'><strong>primo</strong></span> <span class='ocrx_word' id='word_1_514' title='bbox 1419 4185 1609 4285; x_wconf 81' lang='lat' dir='ltr'><strong>genere&#39;),</strong></span> <span class='ocrx_word' id='word_1_515' title='bbox 1640 4191 1723 4284; x_wconf 91' lang='lat' dir='ltr'><strong>quia</strong></span> <span class='ocrx_word' id='word_1_516' title='bbox 1743 4206 2015 4286; x_wconf 89' lang='lat' dir='ltr'><strong>estperpetuom</strong></span> <span class='ocrx_word' id='word_1_517' title='bbox 2032 4203 2139 4272; x_wconf 83' lang='lat' dir='ltr'><strong>mira.</strong></span> 
     </span>
     <span class='ocr_line' id='line_1_40' title="bbox 108 4290 2139 4392; baseline -0.001 -22"><span class='ocrx_word' id='word_1_518' title='bbox 108 4321 202 4392; x_wconf 86' lang='lat' dir='ltr'><strong>pora</strong></span> <span class='ocrx_word' id='word_1_519' title='bbox 221 4297 378 4368; x_wconf 78' lang='lat' dir='ltr'><strong>extincta</strong></span> <span class='ocrx_word' id='word_1_520' title='bbox 402 4311 505 4378; x_wconf 91' lang='lat' dir='ltr'><strong>sunt,</strong></span> <span class='ocrx_word' id='word_1_521' title='bbox 537 4310 700 4368; x_wconf 83' lang='lat' dir='ltr'><strong>secutum</strong></span> <span class='ocrx_word' id='word_1_522' title='bbox 713 4297 758 4366; x_wconf 92' lang='lat' dir='ltr'><strong>sit</strong></span> <span class='ocrx_word' id='word_1_523' title='bbox 773 4297 841 4368; x_wconf 89' lang='lat' dir='ltr'><strong>alia</strong></span> <span class='ocrx_word' id='word_1_524' title='bbox 860 4298 952 4382; x_wconf 83' lang='lat' dir='ltr'><strong>vita,</strong></span> <span class='ocrx_word' id='word_1_525' title='bbox 984 4297 1107 4387; x_wconf 90' lang='lat' dir='ltr'><strong>inqua</strong></span> <span class='ocrx_word' id='word_1_526' title='bbox 1155 4297 1275 4368; x_wconf 89' lang='lat' dir='ltr'><strong>culum</strong></span> <span class='ocrx_word' id='word_1_527' title='bbox 1291 4306 1326 4365; x_wconf 91' lang='lat' dir='ltr'><strong>et</strong></span> <span class='ocrx_word' id='word_1_528' title='bbox 1338 4290 1577 4366; x_wconf 87' lang='lat' dir='ltr'><strong>testimoninm</strong></span> <span class='ocrx_word' id='word_1_529' title='bbox 1592 4291 1759 4364; x_wconf 86' lang='lat' dir='ltr'><strong>adsiduae</strong></span> <span class='ocrx_word' id='word_1_530' title='bbox 1773 4295 1990 4384; x_wconf 87' lang='lat' dir='ltr'><strong>praesentiae</strong></span> <span class='ocrx_word' id='word_1_531' title='bbox 2006 4295 2082 4384; x_wconf 89' lang='lat' dir='ltr'><strong>Dei,</strong></span> <span class='ocrx_word' id='word_1_532' title='bbox 2105 4317 2139 4376; x_wconf 84' lang='lat' dir='ltr'><strong>et</strong></span> 
     </span>
     <span class='ocr_line' id='line_1_41' title="bbox 107 4393 2139 4491; baseline -0.001 -21"><span class='ocrx_word' id='word_1_533' title='bbox 107 4403 280 4472; x_wconf 87' lang='lat' dir='ltr'><strong>futurum</strong></span> <span class='ocrx_word' id='word_1_534' title='bbox 296 4398 343 4468; x_wconf 92' lang='lat' dir='ltr'><strong>sit</strong></span> <span class='ocrx_word' id='word_1_535' title='bbox 356 4395 546 4468; x_wconf 85' lang='lat' dir='ltr'><strong>discrimen</strong></span> <span class='ocrx_word' id='word_1_536' title='bbox 562 4397 655 4470; x_wconf 90' lang='lat' dir='ltr'><strong>inter</strong></span> <span class='ocrx_word' id='word_1_537' title='bbox 669 4398 780 4468; x_wconf 90' lang='lat' dir='ltr'><strong>iustos</strong></span> <span class='ocrx_word' id='word_1_538' title='bbox 794 4411 829 4470; x_wconf 88' lang='lat' dir='ltr'><strong>et</strong></span> <span class='ocrx_word' id='word_1_539' title='bbox 845 4396 1019 4468; x_wconf 81' lang='lat' dir='ltr'><strong>inioetosl</strong></span> <span class='ocrx_word' id='word_1_540' title='bbox 1043 4397 1106 4491; x_wconf 88' lang='lat' dir='ltr'><strong>qui</strong></span> <span class='ocrx_word' id='word_1_541' title='bbox 1155 4401 1198 4468; x_wconf 87' lang='lat' dir='ltr'><strong>ad</strong></span> <span class='ocrx_word' id='word_1_542' title='bbox 1216 4396 1431 4487; x_wconf 83' lang='lat' dir='ltr'><strong>singularem</strong></span> <span class='ocrx_word' id='word_1_543' title='bbox 1444 4393 1601 4483; x_wconf 88' lang='lat' dir='ltr'><strong>regulam</strong></span> <span class='ocrx_word' id='word_1_544' title='bbox 1619 4393 1789 4484; x_wconf 83' lang='lat' dir='ltr'><strong>pertinet:</strong></span> <span class='ocrx_word' id='word_1_545' title='bbox 1816 4393 1975 4466; x_wconf 90' lang='lat' dir='ltr'><strong>Verbum</strong></span> <span class='ocrx_word' id='word_1_546' title='bbox 1991 4395 2139 4476; x_wconf 81' lang='lat' dir='ltr'><strong>Domini</strong></span> 
     </span>
     <span class='ocr_line' id='line_1_42' title="bbox 110 4490 2139 4593; baseline 0 -21"><span class='ocrx_word' id='word_1_547' title='bbox 110 4497 286 4583; x_wconf 76' lang='lat' dir='ltr'><strong>homines</strong></span> <span class='ocrx_word' id='word_1_548' title='bbox 306 4498 377 4570; x_wconf 90' lang='lat' dir='ltr'><strong>sint</strong></span> <span class='ocrx_word' id='word_1_549' title='bbox 400 4497 571 4590; x_wconf 90' lang='lat' dir='ltr'><strong>templum</strong></span> <span class='ocrx_word' id='word_1_550' title='bbox 595 4496 685 4584; x_wconf 89' lang='lat' dir='ltr'><strong>Dei,</strong></span> <span class='ocrx_word' id='word_1_551' title='bbox 718 4511 752 4570; x_wconf 90' lang='lat' dir='ltr'><strong>et</strong></span> <span class='ocrx_word' id='word_1_552' title='bbox 776 4523 865 4593; x_wconf 90' lang='lat' dir='ltr'><strong>quos</strong></span> <span class='ocrx_word' id='word_1_553' title='bbox 885 4497 1048 4570; x_wconf 81' lang='lat' dir='ltr'><strong>exaudiat</strong></span> <span class='ocrx_word' id='word_1_554' title='bbox 1071 4511 1107 4570; x_wconf 88' lang='lat' dir='ltr'><strong>et</strong></span> <span class='ocrx_word' id='word_1_555' title='bbox 1155 4511 1274 4570; x_wconf 88' lang='lat' dir='ltr'><strong>manet</strong></span> <span class='ocrx_word' id='word_1_556' title='bbox 1289 4498 1326 4568; x_wconf 91' lang='lat' dir='ltr'><strong>in</strong></span> <span class='ocrx_word' id='word_1_557' title='bbox 1341 4511 1540 4580; x_wconf 90' lang='lat' dir='ltr'><strong>aeternnm;</strong></span> <span class='ocrx_word' id='word_1_558' title='bbox 1563 4507 1597 4565; x_wconf 90' lang='lat' dir='ltr'><strong>et</strong></span> <span class='ocrx_word' id='word_1_559' title='bbox 1610 4494 1755 4588; x_wconf 88' lang='lat' dir='ltr'><strong>quidem</strong></span> <span class='ocrx_word' id='word_1_560' title='bbox 1769 4517 1842 4566; x_wconf 93' lang='lat' dir='ltr'><strong>nou</strong></span> <span class='ocrx_word' id='word_1_561' title='bbox 1857 4490 2022 4568; x_wconf 92' lang='lat' dir='ltr'><strong>humanis</strong></span> <span class='ocrx_word' id='word_1_562' title='bbox 2035 4525 2139 4593; x_wconf 85' lang='lat' dir='ltr'><strong>prae-</strong></span> 
     </span>
     <span class='ocr_line' id='line_1_43' title="bbox 110 4593 2136 4694; baseline -0.002 -22"><span class='ocrx_word' id='word_1_563' title='bbox 110 4601 239 4676; x_wconf 78' lang='lat' dir='ltr'><strong>iuvet?</strong></span> <span class='ocrx_word' id='word_1_564' title='bbox 290 4597 347 4672; x_wconf 89' lang='lat' dir='ltr'><strong>De</strong></span> <span class='ocrx_word' id='word_1_565' title='bbox 361 4594 418 4670; x_wconf 92' lang='lat' dir='ltr'><strong>his</strong></span> <span class='ocrx_word' id='word_1_566' title='bbox 433 4599 540 4672; x_wconf 85' lang='lat' dir='ltr'><strong>tantis</strong></span> <span class='ocrx_word' id='word_1_567' title='bbox 556 4601 662 4672; x_wconf 91' lang='lat' dir='ltr'><strong>rebus</strong></span> <span class='ocrx_word' id='word_1_568' title='bbox 676 4613 927 4694; x_wconf 79' lang='lat' dir='ltr'><strong>quantaecunt</strong></span> <span class='ocrx_word' id='word_1_569' title='bbox 941 4601 1106 4672; x_wconf 89' lang='lat' dir='ltr'><strong>tenebrae</strong></span> <span class='ocrx_word' id='word_1_570' title='bbox 1154 4600 1275 4684; x_wconf 86' lang='lat' dir='ltr'><strong>cidiis,</strong></span> <span class='ocrx_word' id='word_1_571' title='bbox 1304 4611 1344 4668; x_wconf 89' lang='lat' dir='ltr'><strong>ut</strong></span> <span class='ocrx_word' id='word_1_572' title='bbox 1367 4596 1626 4688; x_wconf 83' lang='lat' dir='ltr'><strong>scriptumest:</strong></span> <span class='ocrx_word' id='word_1_573' title='bbox 1659 4593 1742 4666; x_wconf 89' lang='lat' dir='ltr'><strong>Non</strong></span> <span class='ocrx_word' id='word_1_574' title='bbox 1757 4595 1795 4664; x_wconf 94' lang='lat' dir='ltr'><strong>in</strong></span> <span class='ocrx_word' id='word_1_575' title='bbox 1813 4597 1986 4682; x_wconf 80' lang='lat' dir='ltr'><strong>exercitu,</strong></span> <span class='ocrx_word' id='word_1_576' title='bbox 2016 4625 2080 4674; x_wconf 79' lang='lat' dir='ltr'><strong>nec</strong></span> <span class='ocrx_word' id='word_1_577' title='bbox 2097 4607 2136 4678; x_wconf 71' lang='lat' dir='ltr'><strong>iu</strong></span> 
     </span>
     <span class='ocr_line' id='line_1_44' title="bbox 111 4693 2136 4795; baseline 0.004 -22"><span class='ocrx_word' id='word_1_578' title='bbox 111 4705 151 4774; x_wconf 88' lang='lat' dir='ltr'><strong>in</strong></span> <span class='ocrx_word' id='word_1_579' title='bbox 178 4701 350 4774; x_wconf 81' lang='lat' dir='ltr'><strong>universa</strong></span> <span class='ocrx_word' id='word_1_580' title='bbox 373 4693 612 4774; x_wconf 83' lang='lat' dir='ltr'><strong>Ethuicorum</strong></span> <span class='ocrx_word' id='word_1_581' title='bbox 643 4702 835 4794; x_wconf 86' lang='lat' dir='ltr'><strong>sapientia,</strong></span> <span class='ocrx_word' id='word_1_582' title='bbox 874 4725 981 4795; x_wconf 88' lang='lat' dir='ltr'><strong>qoam</strong></span> <span class='ocrx_word' id='word_1_583' title='bbox 1015 4700 1105 4770; x_wconf 85' lang='lat' dir='ltr'><strong>varii</strong></span> <span class='ocrx_word' id='word_1_584' title='bbox 1153 4703 1302 4782; x_wconf 86' lang='lat' dir='ltr'><strong>robore,</strong></span> <span class='ocrx_word' id='word_1_585' title='bbox 1333 4701 1394 4769; x_wconf 90' lang='lat' dir='ltr'><strong>sed</strong></span> <span class='ocrx_word' id='word_1_586' title='bbox 1416 4697 1456 4766; x_wconf 93' lang='lat' dir='ltr'><strong>in</strong></span> <span class='ocrx_word' id='word_1_587' title='bbox 1469 4695 1608 4788; x_wconf 86' lang='lat' dir='ltr'><strong>Spiritu</strong></span> <span class='ocrx_word' id='word_1_588' title='bbox 1620 4719 1718 4782; x_wconf 92' lang='lat' dir='ltr'><strong>meo,</strong></span> <span class='ocrx_word' id='word_1_589' title='bbox 1743 4694 1829 4768; x_wconf 91' lang='lat' dir='ltr'><strong>dicit</strong></span> <span class='ocrx_word' id='word_1_590' title='bbox 1846 4693 2023 4772; x_wconf 88' lang='lat' dir='ltr'><strong>Dominus</strong></span> <span class='ocrx_word' id='word_1_591' title='bbox 2035 4727 2136 4780; x_wconf 88' lang='lat' dir='ltr'><strong>eser·</strong></span> 
     </span>
     <span class='ocr_line' id='line_1_45' title="bbox 109 4797 1843 4896; baseline -0.003 -22"><span class='ocrx_word' id='word_1_592' title='bbox 109 4797 424 4894; x_wconf 82' lang='lat' dir='ltr'><strong>Philosophorum</strong></span> <span class='ocrx_word' id='word_1_593' title='bbox 438 4801 601 4874; x_wconf 85' lang='lat' dir='ltr'><strong>fnrores?</strong></span> <span class='ocrx_word' id='word_1_594' title='bbox 619 4803 684 4896; x_wconf 87' lang='lat' dir='ltr'><strong>qui</strong></span> <span class='ocrx_word' id='word_1_595' title='bbox 698 4803 789 4876; x_wconf 89' lang='lat' dir='ltr'><strong>sicut</strong></span> <span class='ocrx_word' id='word_1_596' title='bbox 804 4799 953 4888; x_wconf 81' lang='lat' dir='ltr'><strong>Titanes</strong></span> <span class='ocrx_word' id='word_1_597' title='bbox 969 4801 1103 4872; x_wconf 89' lang='lat' dir='ltr'><strong>bellurn</strong></span> <span class='ocrx_word' id='word_1_598' title='bbox 1153 4804 1302 4874; x_wconf 82' lang='lat' dir='ltr'><strong>rituum.</strong></span> <span class='ocrx_word' id='word_1_599' title='bbox 1606 4821 1610 4829; x_wconf 93' lang='lat'>·</span> <span class='ocrx_word' id='word_1_600' title='bbox 1836 4813 1843 4824; x_wconf 90' lang='lat'><strong>·</strong></span> 
     </span>
     <span class='ocr_line' id='line_1_46' title="bbox 110 4893 2134 4996; baseline 0 -22"><span class='ocrx_word' id='word_1_601' title='bbox 110 4905 278 4978; x_wconf 87' lang='lat' dir='ltr'><strong>inferunt</strong></span> <span class='ocrx_word' id='word_1_602' title='bbox 300 4901 417 4990; x_wconf 91' lang='lat' dir='ltr'><strong>coelo,</strong></span> <span class='ocrx_word' id='word_1_603' title='bbox 448 4902 588 4996; x_wconf 68' lang='lat' dir='ltr'><strong>humant</strong></span> <span class='ocrx_word' id='word_1_604' title='bbox 610 4918 671 4976; x_wconf 87' lang='lat' dir='ltr'><strong>aut</strong></span> <span class='ocrx_word' id='word_1_605' title='bbox 695 4899 789 4978; x_wconf 88' lang='lat' dir='ltr'><strong>nihil</strong></span> <span class='ocrx_word' id='word_1_606' title='bbox 812 4926 886 4974; x_wconf 90' lang='lat' dir='ltr'><strong>esse</strong></span> <span class='ocrx_word' id='word_1_607' title='bbox 909 4903 1104 4995; x_wconf 81' lang='lat' dir='ltr'><strong>providen-</strong></span> <span class='ocrx_word' id='word_1_608' title='bbox 1253 4893 1397 4996; x_wconf 78' lang='lat' dir='ltr'><strong>Quinto</strong></span> <span class='ocrx_word' id='word_1_609' title='bbox 1418 4899 1496 4970; x_wconf 90' lang='lat' dir='ltr'><strong>loco</strong></span> <span class='ocrx_word' id='word_1_610' title='bbox 1515 4893 1765 4970; x_wconf 84' lang='lat' dir='ltr'><strong>Confessorum</strong></span> <span class='ocrx_word' id='word_1_611' title='bbox 1788 4902 1984 4974; x_wconf 89' lang='lat' dir='ltr'><strong>constantia</strong></span> <span class='ocrx_word' id='word_1_612' title='bbox 2007 4929 2134 4980; x_wconf 79' lang='lat' dir='ltr'><strong>nerme-</strong></span> 
     </span>
    </p>
   </div>
   <div class='ocr_carea' id='block_1_4' title="bbox 109 4997 2133 5199">
    <p class='ocr_par' dir='ltr' id='par_1_4' title="bbox 109 4997 2133 5199">
     <span class='ocr_line' id='line_1_47' title="bbox 109 4997 2133 5102; baseline 0.001 -24"><span class='ocrx_word' id='word_1_613' title='bbox 109 5007 218 5094; x_wconf 85' lang='lat' dir='ltr'><strong>tiam,</strong></span> <span class='ocrx_word' id='word_1_614' title='bbox 236 5018 299 5078; x_wconf 89' lang='lat' dir='ltr'><strong>sot</strong></span> <span class='ocrx_word' id='word_1_615' title='bbox 310 5001 428 5078; x_wconf 86' lang='lat' dir='ltr'><strong>Deum</strong></span> <span class='ocrx_word' id='word_1_616' title='bbox 442 5004 573 5081; x_wconf 66' lang='lat' dir='ltr'><strong>ocsus</strong></span> <span class='ocrx_word' id='word_1_617' title='bbox 584 5005 749 5086; x_wconf 80' lang='lat' dir='ltr'><strong>secundis</strong></span> <span class='ocrx_word' id='word_1_618' title='bbox 759 5005 918 5096; x_wconf 85' lang='lat' dir='ltr'><strong>alligant,</strong></span> <span class='ocrx_word' id='word_1_619' title='bbox 937 5002 1103 5076; x_wconf 88' lang='lat' dir='ltr'><strong>etomnia</strong></span> <span class='ocrx_word' id='word_1_620' title='bbox 1152 5017 1270 5102; x_wconf 69' lang='lat' dir='ltr'><strong>ratur,</strong></span> <span class='ocrx_word' id='word_1_621' title='bbox 1300 5025 1390 5094; x_wconf 86' lang='lat' dir='ltr'><strong>quae</strong></span> <span class='ocrx_word' id='word_1_622' title='bbox 1416 4998 1606 5092; x_wconf 90' lang='lat' dir='ltr'><strong>dupliciter</strong></span> <span class='ocrx_word' id='word_1_623' title='bbox 1632 4997 1819 5071; x_wconf 79' lang='lat' dir='ltr'><strong>coufirmat</strong></span> <span class='ocrx_word' id='word_1_624' title='bbox 1839 5001 1946 5090; x_wconf 88' lang='lat' dir='ltr'><strong>alios;</strong></span> <span class='ocrx_word' id='word_1_625' title='bbox 1977 5006 2133 5096; x_wconf 86' lang='lat' dir='ltr'><strong>primum</strong></span> 
     </span>
     <span class='ocr_line' id='line_1_48' title="bbox 1152 5095 2133 5199; baseline -0.002 -26"><span class='ocrx_word' id='word_1_626' title='bbox 1152 5103 1234 5199; x_wconf 88' lang='lat' dir='ltr'><strong>quia</strong></span> <span class='ocrx_word' id='word_1_627' title='bbox 1253 5101 1463 5173; x_wconf 87' lang='lat' dir='ltr'><strong>miraculum</strong></span> <span class='ocrx_word' id='word_1_628' title='bbox 1474 5112 1547 5184; x_wconf 87' lang='lat' dir='ltr'><strong>est,</strong></span> <span class='ocrx_word' id='word_1_629' title='bbox 1572 5121 1644 5192; x_wconf 85' lang='lat' dir='ltr'><strong>quo</strong></span> <span class='ocrx_word' id='word_1_630' title='bbox 1659 5095 1757 5172; x_wconf 88' lang='lat' dir='ltr'><strong>Deus</strong></span> <span class='ocrx_word' id='word_1_631' title='bbox 1769 5103 1945 5186; x_wconf 89' lang='lat' dir='ltr'><strong>ostendit,</strong></span> <span class='ocrx_word' id='word_1_632' title='bbox 1969 5127 2007 5180; x_wconf 84' lang='lat' dir='ltr'><strong>aa</strong></span> <span class='ocrx_word' id='word_1_633' title='bbox 2021 5111 2133 5182; x_wconf 63' lang='lat' dir='ltr'><strong>robur</strong></span> 
     </span>
    </p>
   </div>
   <div class='ocr_carea' id='block_1_5' title="bbox 146 5259 1651 5508">
    <p class='ocr_par' dir='ltr' id='par_1_5' title="bbox 146 5259 1651 5508">
     <span class='ocr_line' id='line_1_49' title="bbox 147 5259 1616 5420; baseline -0.01 -14"><span class='ocrx_word' id='word_1_634' title='bbox 147 5269 181 5420; x_wconf 58' lang='lat' dir='ltr'><strong>dl</strong></span> <span class='ocrx_word' id='word_1_635' title='bbox 196 5259 480 5419; x_wconf 44' lang='lat' dir='ltr'><strong>ffmffldlhecl.</strong></span> <span class='ocrx_word' id='word_1_636' title='bbox 513 5341 569 5402; x_wconf 76' lang='lat' dir='ltr'><strong>see</strong></span> <span class='ocrx_word' id='word_1_637' title='bbox 587 5342 663 5402; x_wconf 81' lang='lat' dir='ltr'><strong>bont</strong></span> <span class='ocrx_word' id='word_1_638' title='bbox 681 5363 725 5404; x_wconf 78' lang='lat' dir='ltr'><strong>es.</strong></span> <span class='ocrx_word' id='word_1_639' title='bbox 1184 5351 1215 5414; x_wconf 77' lang='grc'><strong>7)</strong></span> <span class='ocrx_word' id='word_1_640' title='bbox 1232 5349 1276 5411; x_wconf 80' lang='lat' dir='ltr'><strong>et]</strong></span> <span class='ocrx_word' id='word_1_641' title='bbox 1293 5359 1350 5398; x_wconf 82' lang='lat' dir='ltr'><strong>aen</strong></span> <span class='ocrx_word' id='word_1_642' title='bbox 1369 5337 1469 5413; x_wconf 81' lang='lat' dir='ltr'><strong>legiter</strong></span> <span class='ocrx_word' id='word_1_643' title='bbox 1487 5335 1517 5394; x_wconf 86' lang='lat' dir='ltr'><strong>io</strong></span> <span class='ocrx_word' id='word_1_644' title='bbox 1535 5333 1616 5394; x_wconf 78' lang='lat' dir='ltr'><strong>Dsel.</strong></span> 
     </span>
     <span class='ocr_line' id='line_1_50' title="bbox 146 5417 1651 5508; baseline -0.01 -17"><span class='ocrx_word' id='word_1_645' title='bbox 146 5439 344 5508; x_wconf 62' lang='lat' dir='ltr'><strong>starem]</strong></span> <span class='ocrx_word' id='word_1_646' title='bbox 362 5451 418 5487; x_wconf 85' lang='lat' dir='ltr'><strong>ooo</strong></span> <span class='ocrx_word' id='word_1_647' title='bbox 434 5431 515 5488; x_wconf 86' lang='lat' dir='ltr'><strong>lasbst</strong></span> <span class='ocrx_word' id='word_1_648' title='bbox 532 5429 617 5486; x_wconf 67' lang='lat' dir='ltr'><strong>boun</strong></span> <span class='ocrx_word' id='word_1_649' title='bbox 1183 5434 1213 5500; x_wconf 73' lang='grc' dir='ltr'><strong>Ι)</strong></span> <span class='ocrx_word' id='word_1_650' title='bbox 1228 5433 1346 5500; x_wconf 69' lang='lat' dir='ltr'><strong>guara]</strong></span> <span class='ocrx_word' id='word_1_651' title='bbox 1364 5421 1460 5484; x_wconf 77' lang='lat' dir='ltr'><strong>ercidlt</strong></span> <span class='ocrx_word' id='word_1_652' title='bbox 1475 5421 1549 5496; x_wconf 76' lang='lat' dir='ltr'><strong>apud</strong></span> <span class='ocrx_word' id='word_1_653' title='bbox 1564 5417 1651 5476; x_wconf 77' lang='lat' dir='ltr'><strong>bens.</strong></span> 
     </span>
    </p>
   </div>
   <div class='ocr_carea' id='block_1_6' title="bbox 116 5511 1580 5598">
    <p class='ocr_par' dir='ltr' id='par_1_6' title="bbox 116 5511 1580 5598">
     <span class='ocr_line' id='line_1_51' title="bbox 116 5511 1580 5598; baseline -0.016 0"><span class='ocrx_word' id='word_1_654' title='bbox 116 5532 298 5598; x_wconf 71' lang='lat' dir='ltr'><strong>hlasana.</strong></span> <span class='ocrx_word' id='word_1_655' title='bbox 316 5527 424 5594; x_wconf 70' lang='lat' dir='ltr'><strong>orsa.</strong></span> <span class='ocrx_word' id='word_1_656' title='bbox 450 5524 533 5590; x_wconf 68' lang='lat' dir='ltr'><strong>Vos„</strong></span> <span class='ocrx_word' id='word_1_657' title='bbox 549 5518 611 5590; x_wconf 82' lang='grc' dir='ltr'><strong>ΙΧ.</strong></span> <span class='ocrx_word' id='word_1_658' title='bbox 1553 5511 1580 5584; x_wconf 75' lang='grc'>6</span> 
     </span>
    </p>
   </div>
   <div class='ocr_carea' id='block_1_7' title="bbox 0 0 2364 6176">
    <p class='ocr_par' dir='ltr' id='par_1_7' title="bbox 0 0 2364 6176">
     <span class='ocr_line' id='line_1_52' title="bbox 0 0 2364 6176; baseline 0 8"><span class='ocrx_word' id='word_1_659' title='bbox 0 0 2364 6176; x_wconf 95' lang='lat' dir='ltr'><strong> </strong></span> 
     </span>
    </p>
   </div>
  </div>
 </body>
</html>
