4738 6186
130 329 134 336 ⁴
232 372 308 448 559

250 545 320 620 No.
335 539 448 616 6585.
486 503 494 518 ’

245 643 460 682 Μ

570 726 649 813 bie.
677 721 903 838 Fabricio.
945 779 947 784 s

230 913 233 921 '
311 901 397 971 Epist.
416 895 465 951 lib.
481 895 513 948 V.
533 911 561 964 p.
573 891 624 948 437
637 910 679 962 sq.

267 1055 472 1150 Georgia
498 1045 755 1220 Fabrihqio,
782 1041 1015 1144 gubernanti
1039 1035 1208 1116 sabotam

699 1173 835 1224 eruens.

241 1305 334 1389 Duo
361 1323 445 1382 suut
467 1306 590 1395 exigua
610 1303 744 1396 oppida
770 1301 874 1372 nobis
889 1298 1025 1380 vicina,
1050 1290 1235 1376 Nimecia,

242 1417 341 1512 quod
363 1413 483 1501 lingua
499 1407 637 1476 Heneta
658 1402 840 1474 Teutonas
860 1401 1055 1487 significat,
1090 1414 1124 1470 et
1147 1398 1235 1468 alte-

242 1544 324 1592 rum
340 1541 359 1586 a
375 1507 489 1584 Poute
504 1533 636 1584 nomen
647 1499 683 1598 *)
702 1503 846 1576 liabens.
875 1502 972 1572 Haec
988 1503 1235 1592 impetrarunt,

242 1636 283 1696 ut
315 1639 460 1689 suorum
494 1611 628 1682 civium
661 1609 745 1678 filiis
770 1609 876 1678 etiam
903 1605 1002 1674 locus
1027 1603 1067 1672 iu
1094 1597 1235 1686 scholis,

243 1745 332 1817 quas
347 1714 611 1790 illustrissimus
627 1706 797 1802 Princeps
811 1707 1016 1790 constituit,
1044 1705 1233 1776 tribuatur.

242 1821 292 1898 Et
308 1823 406 1915 pium
421 1831 491 1901 est,
517 1838 592 1883 non
613 1811 746 1902 negligi
763 1811 927 1880 tenuiora
953 1807 1094 1900 oppida.
1147 1803 1235 1888 seis,

242 1927 350 1999 etiam
377 1921 559 1990 interdum
584 1915 729 2003 ingenia
755 1911 960 1984 excellentia
986 1923 1070 1982 nata
1095 1929 1169 1976 esse
1195 1906 1234 1975 in
1292 1965 1295 1970 .

124 2107 127 2112 ,
244 2026 387 2120 oppidis
413 2043 489 2090 uon
516 2017 661 2106 magnis.
726 2013 871 2084 Ascram
897 2013 1005 2082 luisse
1031 2033 1175 2102 parvam
1201 2020 1236 2078 et
1307 2053 1310 2066 ·

819 339 1255 434 untsnou'nnun
1304 350 1412 434 LlB.
1437 351 1540 432 Xlll.
1580 338 1725 427 1558.

2206 348 2276 424 550

1287 525 1380 600 dicta
1400 539 1506 612 esset,
1537 551 1628 620 quae
1656 524 1849 620 putabatur
1878 521 1918 596 in
1941 526 2031 598 urbe
2051 518 2274 616 Parthenope

1287 641 1503 701 conventum
1520 624 1551 722 ¹)
1579 651 1670 715 esse,
1702 623 1844 722 scripsit
1875 625 1957 719 Dux
1988 627 2222 699 Pomeraniae
2236 621 2276 718 ²),

1287 726 1356 802 hoc
1378 744 1538 823 tempore
1560 755 1618 800 me
1642 753 1718 800 non
1740 730 1899 812 evocari,
1933 733 2029 826 qnod
2051 731 2275 820 existimaret,

1287 857 1344 902 me
1365 846 1511 928 propter
1534 829 1671 928 Synodi
1697 831 1975 924 disputationem
1995 847 2160 926 oportere
2183 831 2278 902 domi

1288 957 1374 1010 esse.
1736 961 1743 972 ·

1388 1035 1443 1108 De
1457 1027 1678 1132 chronicis')
1694 1059 1785 1131 quae
1798 1035 1942 1117 scribis,
1968 1035 2122 1106 ominari
2138 1057 2209 1104 vos
2227 1033 2279 1106 eii·

1287 1162 1396 1234 φημα
1410 1139 1529 1209 velim.
1580 1137 1619 1210 Si
1636 1139 1776 1224 vivam,
1800 1139 1930 1208 addam
1946 1139 2174 1232 sequentium
2193 1151 2279 1206 tem-

1286 1265 1414 1332 porum
1432 1235 1619 1325 historias,
1643 1253 1676 1311 et
1692 1255 1846 1331 partem,
1872 1263 1979 1333 quam
1994 1241 2103 1320 edidi,
2132 1241 2278 1330 probari

1286 1343 1352 1412 tibi
1369 1343 1472 1412 valde
1486 1355 1584 1435 opto.
1624 1339 1845 1435 Squallidior
1863 1355 1915 1411 est
1931 1365 2038 1435 quam
2052 1342 2176 1424 velim,
2205 1343 2279 1433 quia

1286 1438 1467 1513 scis·mihi
1492 1457 1631 1534 tempus
1654 1445 1773 1514 deesse
1797 1445 1840 1514 ad
1857 1443 2154 1516 emendationem.
2216 1443 2276 1514 Sed

1287 1547 1445 1626 institui,
1486 1557 1529 1616 ut
1561 1545 1800 1616 adolescentes
1829 1545 2029 1617 invitentur
2050 1547 2095 1614 ad
2120 1559 2278 1615 vetemm

1287 1649 1487 1719 lectionem.
1539 1645 1636 1716 Bene
1653 1647 1742 1718 vale.
1781 1643 2081 1720 studentum.
2120 1645 2276 1720 Salutem

1286 1764 1370 1842 opto
1387 1745 1575 1819 Pannonio
1589 1762 1623 1818 et
1639 1749 1741 1819 vobis
1757 1749 1935 1820 omnibus.

2029 1845 2238 1944 Philippus.
2272 1852 2292 1869 ““

244 2133 391 2220 inopem
404 2121 584 2192 Hesiodus
607 2116 773 2188 ostendit.
824 2109 1064 2186 Nee-Orionis
1079 2109 1234 2184 Patriam
1346 2151 1352 2158 -

244 2231 359 2302 multo
374 2226 483 2303 luisse
495 2221 668 2292 maiorem
685 2218 849 2290 arbitror.
891 2213 987 2286 lnter
1001 2210 1088 2284 baec
1104 2211 1234 2304 oppida

245 2331 352 2404 nobis
383 2327 517 2410 vicina,
549 2345 640 2416 quae
671 2319 871 2403 nominavi,
904 2319 1052 2387 alterum
1080 2313 1234 2384 Pontani

244 2432 364 2506 Patria
381 2429 468 2512 fuit,
493 2425 594 2495 cuius
610 2435 738 2494 natura
753 2433 845 2492 certe
860 2420 929 2490 fuit
943 2417 1110 2490 oratoria.
1146 2413 1235 2486 Exi-

144 2595 149 2604 .
244 2537 350 2607 stimo
367 2543 497 2612 autem,
521 2527 565 2596 de
582 2520 638 2594 his
653 2523 936 2593 adolescentibus
951 2521 1056 2591 scribi
1072 2519 1116 2589 ad
1130 2542 1236 2588 oeco-

245 2658 396 2708 nomum
429 2641 604 2700 nostrum.
662 2623 825 2719 Cumque
859 2637 1001 2711 rogatus
1033 2645 1163 2702 essem,
1196 2631 1237 2690 ut

244 2759 341 2810 meas
364 2735 481 2824 literas
504 2731 691 2811 adderem,
717 2750 791 2796 non
815 2724 915 2795 volui
937 2748 1055 2794 meum
1079 2722 1236 2792 officium

246 2843 297 2912 eis
319 2839 450 2908 deesse.
503 2831 627 2926 Teque
650 2853 731 2914 oro,
765 2843 823 2913 ut,
857 2828 952 2918 quod
975 2824 1082 2912 sacis,
1115 2835 1150 2894 et
1171 2817 1238 2894 hos

244 2953 392 3034 paterno
409 2937 528 3006 animo
548 2929 804 3027 complectaris.
856 2927 953 2998 Bene
970 2929 1057 3000 vale.
1094 2925 1160 2998 Die
1176 2923 1237 2998 24.

246 3043 337 3116 Maii
357 3035 467 3114 1558.

251 3247 1231 3278 *nm-ww

1067 3395 1123 3464 24.
1140 3389 1227 3456 Maii.

1059 3482 1232 3512 Μ

258 3404 327 3477 Νο.
346 3397 458 3472 6554.

252 3501 465 3538 Μ

475 3591 479 3596 ’
539 3597 661 3688 Abu.
692 3592 949 3680 Praetorio.
987 3669 991 3678 .

243 3803 247 3810 ·
317 3769 339 3836 ¹2·
357 3765 398 3817 Ex
416 3757 573 3833 rpograplro
586 3756 614 3810 ia
628 3753 693 3811 eud.
706 3751 749 3808 54.
764 3749 918 3824 epistolae,
943 3745 990 3817 qui
1005 3741 1170 3830 arbetetus
1184 3745 1240 3832 Pp:

350 3831 497 3958 :iffi-pa,
512 3823 737 3952 diuitiififflm
757 3821 785 3878 S.
807 3820 987 3888 Genoreme,
1016 3813 1151 3888 tempo
1172 3817 1240 3874 mbr

247 4053 476 4134 Clarissimo
511 4053 608 4138 viro,
658 4043 839 4120 Audiat
881 4036 1153 4134 Praetorio,
1199 4040 1240 4112 iu

248 4159 390 4260 inclyto
415 4153 617 4230 Academia
638 4147 823 4266 Fraucps.
851 4142 992 4230 lectori,
1022 4141 1150 4242 srutri
1173 4167 1241 4214 suo

647 4273 842 4324 carissimo

246 4405 298 4496 S·
324 4415 370 4488 D.
402 4409 556 4483 Doctiss.
568 4403 624 4475 vir
640 4418 675 4474 et
689 4401 808 4474 carisa.
825 4399 945 4470 irater.
972 4393 1111 4468 Scimus
1126 4393 1239 4467 filium

244 4519 315 4593 Dei
338 4509 452 4614 λόγον
474 4505 600 4583 ἀΐδιον
623 4499 781 4598 πατρός,
817 4501 878 4594 qui
906 4496 1055 4592 protulit
1071 4493 1240 4588 Evange-

246 4623 339 4692 lium
354 4643 394 4688 ex
412 4617 494 4685 sinu
507 4609 643 4683 aeterni
659 4606 788 4700 patris,
814 4602 930 4672 studia
947 4599 1191 4670 doctrinarum
1207 4611 1241 4668 et

246 4744 366 4812 regere
384 4733 418 4787 et
431 4715 535 4790 tueri.
586 4707 694 4780 Hune
709 4721 784 4778 toto
800 4719 941 4797 pectore
957 4726 1042 4786 oro,
1067 4714 1108 4771 ut
1121 4723 1187 4770 nos
1201 4700 1240 4768 in

244 4822 315 4896 hae
336 4819 464 4892 militia
488 4815 682 4904 gubernet,
711 4821 747 4879 et
765 4807 870 4878 iaciat
887 4817 927 4875 ut
942 4816 1003 4874 tua
1021 4802 1185 4891 migratio
1201 4801 1241 4870 in

246 4922 477 5000 Academiam
504 4913 683 4990 Ecclesiae
717 4909 844 4981 studiis
879 4905 1023 5000 patriae.
1041 4917 1075 4975 et
1101 4903 1168 4975 tibi
1195 4903 1242 4974 sit

245 5031 360 5100 fausta
380 5037 417 5095 et
438 5020 535 5094 felix.
587 5011 685 5106 Opto
699 5013 804 5083 etiam
823 5023 1002 5081 aeternam
1020 5028 1093 5075 esse
1112 5001 1241 5076 harum

244 5125 487 5204 Ecclesiarum
520 5132 556 5190 et
581 5114 856 5188 Academiarum
888 5106 1128 5180 concordiam.
1186 5104 1242 5177 De

244 5237 341 5305 tama
364 5229 534 5314 itinerum
560 5241 722 5290 meorum
743 5216 848 5300 scito,
873 5223 1050 5282 mutatum
1066 5231 1140 5280 esse
1157 5231 1244 5280 cou-

247 5333 368 5404 silium
389 5330 434 5398 de
451 5320 682 5394 Pomeranico
708 5318 854 5392 itinere.
900 5309 1171 5408 Cumsynodus
1185 5311 1244 5380 in-

248 5481 469 5506 -w

283 5559 314 5626 *l
339 5550 442 5610 Brun.

1300 2242 1367 2315 No.
1381 2241 1496 2315 6535.
1563 2309 1565 2316 .

1298 2341 1514 2380 Μ

1940 2256 1998 2323 25.
2012 2247 2100 2318 Maii.
2117 2249 2275 2336 (Lipsiae.)

1928 2346 2270 2388 m

1604 2443 1671 2532 Io.
1694 2439 1970 2562 Aurifobro.

1356 2610 1377 2673 †
1395 2605 1431 2660 ΕΞ
1446 2623 1540 2679 sppgr.
1553 2606 1583 2660 iu
1598 2606 1660 2663 cod.
1674 2601 1760 2661 Paris.
1777 2603 1814 2662 D.
1829 2603 1859 2660 L.
1871 2605 1934 2664 ⁵4⁵.

1520 2757 1737 2836 Iohanni
1770 2760 2047 2864 Aurisubro.

1290 2899 1337 2990 S.
1361 2915 1406 2990 D.
1458 2912 1669 2988 Reverende
1690 2915 1747 2984 vir
1769 2927 1803 2982 et
1827 2914 2006 2984 carissime
2030 2915 2156 2987 frater.
2211 2915 2267 2984 Su·

1290 3019 1366 3088 bito
1392 3013 1484 3087 hanc
1508 3018 1694 3110 epistolam
1711 3014 1853 3107 Lipsiae
1873 3016 2020 3108 scripsi,
2046 3039 2134 3084 cum
2148 3009 2261 3083 bicho-

1291 3133 1411 3190 nestus
1431 3131 1467 3190 et
1485 3121 1610 3190 doctus
1630 3118 1687 3188 vir
1702 3113 1892 3209 Anglicus‚
1918 3118 1981 3212 qui
2003 3119 2041 3184 in
2059 3115 2181 3206 Anglia
2200 3111 2258 3182 fuit

1289 3218 1489 3314 Episcopus
1521 3219 1733 3291 Batouensis
1766 3217 2055 3303 et'Welleusis,'
2089 3211 2263 3289 Guitlmus

1291 3317 1471 3393 Barlowe
1488 3317 1545 3420 [.]
1566 3313 1746 3406 narraret,
1772 3345 1808 3391 se
1822 3323 1930 3392 malle
1945 3321 1985 3390 in
1999 3319 2146 3390 Prussia
2162 3315 2271 3409 hospi-

1291 3427 1382 3498 tiu'm
1398 3449 1566 3519 quaerere
1583 3447 1690 3519 quam
1705 3423 1743 3492 iu
1759 3421 1921 3508 Polonia,
1948 3422 2031 3517 quia
2049 3447 2126 3492 non
2143 3424 2274 3512 ignams

1291 3531 1337 3598 sit
1357 3529 1500 3616 linguae
1524 3523 1768 3599 Germanicae.
1835 3521 2057 3596 Adfieiamur
2079 3549 2124 3594 eo
2150 3519 2275 3594 maiore

1291 3631 1534 3700 misericordia
1548 3629 1674 3699 talium
1687 3627 1841 3712 exulum,
1867 3628 1950 3722 quia
1965 3626 2096 3696 scimus
2113 3627 2277 3698 iniustam

1292 3745 1327 3802 et
1341 3733 1531 3800 immanem
1546 3729 1731 3801 saevitiam
1749 3729 1787 3798 iu
1808 3729 1938 3820 Anglia
1959 3729 2125 3800 exerceri.
2180 3727 2282 3798 Pote-

1291 3835 1339 3903 rit
1353 3834 1455 3904 vobis
1471 3854 1544 3903 esse
1562 3827 1620 3902 hic
1634 3827 1824 3902 Guielmus
1840 3832 1880 3902 in
1895 3831 2015 3923 aliqua
2031 3843 2133 3922 parte
2156 3831 2281 3920 guber·

1225 4011 1229 4017 ¹
1279 3936 1448 4010 ,nationis
1464 3931 1705 4006 Ecclesiarum
1727 3934 1828 4018 usui,
1860 3946 1897 4005 et
1920 3933 2089 4024 adiunget
2104 3955 2192 4002 suas
2209 3955 2282 4002 seu-

1292 4038 1419 4110 tentias
1436 4037 1480 4104 ad
1495 4049 1583 4115 tuas,
1611 4033 1694 4128 quia
1709 4037 1861 4106 maxime
1876 4047 1969 4106 amat
1984 4047 2018 4103 et
2032 4047 2130 4125 optat
2146 4049 2283 4104 nostre·

1292 4163 1373 4209 rum
1395 4133 1635 4209 Ecclesiarum
1660 4137 1898 4213 concordiam.
1958 4133 2056 4206 Bene
2078 4149 2115 4206 et
2135 4137 2285 4206 feliciter

1292 4243 1382 4316 vale.
1433 4231 1494 4309 25.
1511 4235 1621 4318 Maii,
1647 4231 1757 4309 155⁸.

2031 4331 2239 4440 Philippus.

1293 4713 1361 4788 No.
1373 4709 1487 4789 6536.

1302 4813 1507 4849 m
1546 4809 1554 4814 ”

2117 4726 2165 4788 99
2189 4717 2267 4780 Man

2110 4805 2282 4836 Μ

1610 4910 1680 4999 Io.
1711 4887 1970 4996 Praetorio.

1394 5069 1752 5149 mumupfflm

1332 5361 1360 5428 l)
1380 5364 1609 5417 construerem?

1332 5449 1360 5511 2)
1378 5444 1482 5500 Literas
1493 5445 1581 5501 Ducis
1593 5443 1703 5498 Pomer.
1719 5441 1782 5498 vide
1794 5457 1877 5513 supra
1890 5441 1916 5498 d.
1931 5444 1974 5505 14.
1987 5445 2054 5518 Apr.
2066 5445 2095 5500 b.
2108 5465 2132 5502 a.

1333 5533 1364 5600 5)
1380 5530 1509 5604 intelligit
1523 5530 1683 5586 Cbroaioon
1697 5528 1822 5586 Curionis
1836 5529 1871 5584 ab
1883 5529 1943 5602 ipso
1955 5539 2065 5589 auctum
2078 5543 2106 5586 et
2119 5531 2234 5592 editum.
