4718 6176
197 279 247 351 to
754 261 1194 342 EPISTOLARUM
1242 267 1353 343 LIB.
1381 267 1482 344 Xlll.
1538 267 1670 348 1557.
2184 273 2241 348 80⁴

204 448 352 519 ultimae
378 451 535 512 senectae
556 431 702 518 mnndi,
738 455 785 503 ne
810 429 887 504 lieri
911 433 1055 528 quidem
1079 445 1195 525 potest
1244 434 1458 504 monelactio
1491 446 1561 516 est,
1601 449 1716 506 tamen
1748 457 1827 504 cum
1851 434 2048 506 doctrinam
2073 435 2236 529 protulit,

209 549 297 644 quin
320 543 516 615 discordiae
538 537 718 621 oriantur,
743 537 803 605 sed
825 538 913 606 deus
928 535 1006 606 vult
1020 535 1196 627 sapientes
1246 537 1452 628 praesertim
1467 551 1563 607 extra
1578 538 1803 629 conspectum
1820 538 1970 606 rationis
1985 539 2148 632 positam,
2175 541 2240 608 ad-

209 633 463 741 gubernatores
493 635 678 710 cohercere
711 638 935 728 ingeniorum
962 636 1195 728 petulantiam
1247 637 1339 708 didit
1361 637 1555 725 singularia
1580 639 1669 710 facta
1693 641 1973 710 extraordinem
1998 654 2168 724 naturae,
2199 653 2240 710 ut

211 767 246 821 et
274 761 415 840 aegroto
436 742 577 834 corpori
601 741 735 808 mederi
767 753 831 811 etc.
862 739 1046 830 praecipue
1069 761 1198 808 curan-
1248 739 1330 808 sciri
1354 751 1487 828 posset,
1520 763 1594 808 non
1618 741 1845 830 excogitatam
1868 765 1943 810 esse
1960 742 2005 810 ab
2020 736 2242 826 hominibus,

211 858 297 922 deam
320 862 424 932 esset,
448 859 489 916 ut
503 845 542 912 in
558 841 690 912 nostris
704 838 873 911 Ecclesiis
887 839 1068 911 coniuncti
1082 851 1197 908 essent
1247 843 1341 910 seda
1358 853 1506 912 naturae
1522 837 1680 912 Domino
1695 855 1729 912 et
1747 841 1930 912 liberrimo
1947 857 2103 914 creatore
2119 845 2242 935 prola·

212 959 373 1024 doctores
406 959 528 1018 contra
562 965 767 1013 communes
794 939 929 1027 hostes,
967 955 1008 1012 ut
1040 941 1197 1033 conspici
1249 956 1321 1014 tam
1344 965 1434 1027 esse,
1460 943 1662 1014 distinctam
1686 945 1731 1013 ab
1753 943 1904 1012 aliarum
1921 945 2078 1034 gentium
2095 945 2242 1036 opinio·

211 1075 403 1126 consensus
432 1048 594 1140 piorum,
635 1059 669 1114 et
695 1045 902 1114 confirmare
924 1043 1056 1114 multos
1078 1041 1198 1136 possit.
1249 1045 1377 1128 nibus,
1404 1044 1614 1138 quaeetiam
1631 1067 1691 1115 sua
1708 1047 1880 1138 quaedam
1895 1047 2065 1116 miracula
2082 1059 2242 1118 narrant.

210 1157 370 1245 Vagatur
391 1151 513 1220 iamin
529 1145 714 1218 Mindensi
727 1145 855 1214 vicinia
871 1137 1121 1214 Thammerns
1135 1143 1199 1238 qui
1249 1143 1319 1217 Sed
1344 1145 1413 1214 alia
1437 1143 1582 1238 propria
1605 1159 1689 1216 sunt
1710 1143 1909 1231 Ecclesiae,
1943 1172 2019 1217 non
2050 1147 2240 1218 imitabilia

211 1258 340 1350 scripta
363 1246 570 1342 blasphema
593 1248 721 1330 edidit,
748 1271 852 1339 quem
877 1241 997 1318 hostes
1011 1243 1199 1336 Evangelii
1249 1245 1334 1318 ullis
1357 1247 1544 1329 creaturis,
1577 1260 1619 1318 ut
1637 1245 1871 1319 Resuscitatio
1894 1263 2134 1334 mortuorum,
2161 1249 2238 1320 sisti

210 1372 352 1432 tantum
372 1356 453 1425 ideo
470 1349 751 1442 complectuntur
766 1348 850 1440 quia
866 1348 1004 1418 rabiosa
1019 1347 1199 1418 maledicit
1249 1372 1390 1418 cursum
1415 1347 1530 1434 Solis,
1563 1346 1757 1440 Regressus
1779 1347 1894 1433 Solis,
1928 1348 2107 1440 Puerpera
2136 1351 2237 1442 virgo

209 1455 446 1534 Lutheranis‚
488 1475 568 1522 cum
594 1450 711 1542 palam
736 1445 895 1519 ethnicas
916 1463 952 1520 et
975 1443 1200 1542 blasphemas
1250 1464 1284 1520 ct
1307 1450 1388 1524 alia.
1437 1447 1535 1520 Haec
1551 1451 1630 1522 vult
1644 1448 1742 1520 Deus
1758 1451 1910 1542 adspici‚
1935 1465 1976 1522 ut
1992 1465 2088 1522 certo
2105 1465 2237 1524 statua·

211 1560 401 1653 opiniones
418 1557 458 1624 in
471 1551 624 1646 publicis
641 1551 779 1643 scriptis
795 1552 956 1623 ediderit.
1006 1547 1053 1622 Et
1069 1551 1198 1643 passim
1249 1575 1347 1638 mus,
1372 1552 1571 1622 doctrinam
1585 1553 1630 1623 ab
1644 1552 1721 1643 ipso
1739 1566 1886 1622 naturae
1900 1553 2057 1624 Domino
2072 1555 2239 1626 traditam

209 1658 388 1735 Rhetores
404 1653 571 1747 Papistici
591 1675 718 1744 magua
742 1653 923 1722 volumina
945 1669 1112 1746 tanquam
1128 1652 1200 1722 lul·
1250 1677 1336 1724 esse.
1387 1649 1600 1724 Annumero
1624 1653 1804 1724 miraculis
1830 1653 1937 1724 etiam
1958 1655 2125 1725 vaticinia
2149 1653 2240 1726 Pro-

210 1765 309 1833 mina
326 1772 448 1830 contra
467 1753 643 1826 Ecclesias
657 1767 795 1824 nostras
810 1755 975 1824 emittunt
989 1755 1119 1848 quibus
1134 1777 1200 1845 op·
1250 1751 1438 1847 phetamm
1466 1757 1510 1824 de
1536 1754 1694 1847 imperiis
1720 1769 1754 1826 et
1767 1751 1795 1847 ¹)
1808 1817 1812 1824 .
1826 1755 1907 1826 aliis
1938 1757 2107 1846 negotiis,
2149 1782 2241 1852 quae

209 1865 300 1959 poni
316 1859 545 1934 refutationes
559 1880 578 1924 a
593 1856 757 1948 pluribus
773 1855 860 1925 utile
881 1869 988 1941 esset,
1018 1851 1083 1929 καὶ
1105 1875 1201 1947 oute
1250 1857 1352 1926 nutta
1373 1870 1617 1928 creaturarum
1638 1856 1810 1947 sapientia
1832 1871 1926 1928 certo
1949 1858 2150 1950 prospicere
2171 1883 2241 1951 po·

212 1961 331 2063 φερτὴ
347 1955 457 2056 ἀρετὴ
472 1951 666 2054 κρείσσων.
717 1952 796 2026 Oro
811 1957 919 2046 igitur
932 1957 1044 2028 filium
1059 1958 1116 2028 dei
1134 1959 1202 2027 do·
1251 1957 1332 2034 tuit.
1382 1955 1451 2027 His
1467 1982 1548 2030 cum
1567 1958 1816 2051 responderint
1831 1973 1999 2045 eventus,
2025 1961 2244 2050 praedictio·

210 2070 351 2138 minum
379 2077 541 2134 nostrum
563 2057 678 2129 lesum
701 2053 883 2130 Christum
910 2059 1114 2134 crucifixum
1135 2081 1201 2150 pro
1251 2083 1314 2129 nes
1329 2073 1542 2130 monstratas
1558 2083 1630 2130 esse
1647 2084 1668 2130 a
1683 2073 1801 2130 mente
1818 2061 1959 2142 divina,
1987 2063 2108 2134 omnia
2125 2063 2243 2134 scien·

212 2169 320 2239 nobis
333 2180 367 2237 ct
381 2161 624 2234 resuscitatum
640 2174 673 2230 et
688 2183 770 2230 vere
784 2161 1005 2249 colligentem
1022 2173 1200 2232 aeternam
1251 2175 1304 2247 te,
1328 2161 1509 2232 fatendum
1529 2175 1592 2236 est.

213 2267 408 2340 Ecclesiam
431 2265 468 2334 iu
494 2285 621 2353 genere
640 2256 796 2332 humano
817 2283 902 2330 voce
925 2259 1131 2352 Evangelii,
1162 2274 1203 2331 ut

212 2371 336 2454 faciat,
371 2381 410 2437 ut
433 2387 555 2436 omnes
574 2363 739 2434 docentes
761 2363 800 2431 in
822 2363 954 2434 nostris
974 2361 1142 2435 Ecclesiis
1164 2363 1203 2431 in

213 2469 297 2561 Ipso
320 2468 441 2543 Unum
469 2467 591 2539 simus.
654 2461 766 2536 Datac
782 2461 859 2539 Cat
879 2463 1070 2538 Februarii
1093 2461 1202 2536 Anno
1254 2515 1382 2570 tamen·

1351 2289 1520 2365 Secundo
1544 2295 1623 2364 loco
1646 2288 1864 2392 Antiquitas
1891 2313 2119 2384 numeratur,
2151 2323 2256 2394 qnae.

1252 2421 1345 2484 non,
1371 2411 1410 2468 ut
1431 2397 1619 2482 miracula,
1649 2397 1828 2467 convincit
1850 2399 2007 2485 animos,
2032 2401 2091 2470 sed
2110 2401 2238 2472 invitat

1432 2495 1719 2568 Consentaneum
1737 2511 1790 2568 cst
1806 2500 1922 2586 enim,
1947 2497 2065 2571 Deum
2079 2499 2179 2570 initio
2197 2525 2234 2572 se

216 2569 326 2646 ¹557·
635 2605 638 2612 “
1255 2599 1472 2693 patefecisse,
1499 2613 1534 2670 et
1553 2623 1691 2690 semper
1715 2599 1754 2668 in
1768 2622 1894 2688 genere
1909 2597 2067 2674 humano
2084 2603 2237 2673 voluisse

1255 2702 1411 2795 aliquam
1440 2723 1513 2769 esse
1539 2713 1695 2792 partem,
1729 2724 1748 2769 a
1773 2725 1842 2792 qua
1865 2715 1957 2773 recte
1982 2716 2241 2794 agnosceretur,

1153 2825 1155 2830 ·
1256 2827 1321 2872 nec
1343 2801 1448 2872 initio
1472 2815 1586 2873 totum
1610 2824 1720 2892 genus
1742 2796 1938 2874 humanum
1960 2817 2098 2876 tanturn
2121 2807 2164 2876 ad
2183 2831 2239 2876 ae-

214 2936 282 3011 No·
296 2933 408 3010 5¹33.
1046 2933 1179 3002 hiltebr.
1255 2919 1396 2976 ternum
1419 2903 1564 2974 exitium
1588 2903 1770 2974 conditum
1793 2927 1877 2978 esse.
1927 2903 2052 2977 Dulcis
2067 2921 2118 2980 est
2131 2908 2242 2998 igitur

222 3029 394 3063 Μ’

1024 3024 1197 3060 *w*
1255 3007 1391 3100 primae
1424 3005 1547 3075 aetatis
1573 3003 1827 3089 consideratio,
1859 3021 1893 3078 et
1918 3033 1994 3077 non
2018 3009 2197 3080 inerudite
2222 3036 2243 3082 a

555 3129 610 3219 Ρ,
640 3127 874 3216 Palladio,
1256 3106 1479 3179 Tertulliano
1498 3107 1632 3176 dictum
1658 3119 1723 3176 est:
1758 3103 1919 3178 Primum
1945 3111 2112 3204 quodque
2128 3113 2242 3182 veris.

1255 3209 1384 3280 simum
1399 3231 1483 3278 esse.
1508 3207 1568 3280 Sic
1582 3221 1618 3278 et
1626 3202 1655 3304 ²)
1673 3205 1839 3294 lustinus,
1864 3223 1899 3279 et
1907 3207 2072 3280 Clemens
2086 3213 2244 3286 refutant

284 3289 1452 3434 Εᾶἱίῦἱῖρῑῑῦἱῦθθ123112’ῗὴζὶῗΡΙὸθὲῑέξέξ*ΕᾞξζζῗζἭῶζὶῇ“Εὼηίεοεῖ
1485 3333 1566 3379 cum
1591 3309 1773 3402 antiquior
1803 3309 1849 3380 sit
1875 3307 2054 3382 Ecclesiae
2080 3315 2245 3388 doctrina

341 3433 427 3490 ende
451 3429 618 3498 (Editionern
632 3443 702 3550 τεο
715 3427 816 3498 prodiit
831 3447 904 3482 anno
919 3428 994 3482 15⁵7.
1009 3447 1065 3484 non
1080 3429 1157 3500 vidi.)
1171 3458 1206 3473 -
1256 3411 1487 3504 oplnlonlbtls
1500 3405 1677 3492 Ethnicis,
1696 3405 1788 3480 hanc
1804 3435 1922 3482 veram
1939 3435 2013 3484 esse
2028 3428 2062 3486 el
2077 3415 2246 3486 reficien-

320 3495 1207 3646 tzittttttttttt.1d5¹·sl?·.⁵⁷t:t:tt‘ttttt:ttt
1255 3513 1330 3584 ‘¹³⁸‘
1347 3536 1420 3582 ²⁸⁸⁰
1450 3512 1644 3582 ⁰⁰¹¹ffl¹²¹³⁸
1675 3512 1872 3604 ⁰t³¹¹³⁰¹¹0e
1935 3509 1989 3585 Ac
2012 3515 2110 3586 Most
2130 3517 2248 3589 libros

319 3657 390 3712 quas
409 3636 513 3724 prodiit
525 3633 639 3717 wisel.
655 3633 730 3690 1573.
748 3633 819 3716 spuet
836 3633 879 3718 to.
893 3632 1048 3717 somerset
1066 3637 1092 3690 8.
1110 3655 1139 3690 ex
1149 3655 1206 3760 qua
1257 3615 1467 3687 vetustiores
1489 3637 1561 3684 esse
1586 3609 1825 3684 Ethnicomm
1848 3614 2004 3707 scriptis,
2035 3618 2110 3708 ipsa
2135 3621 2248 3691 series

317 3705 660 3778 biceput.estdescnpts.
695 3701 806 3774 Legrtsu
817 3711 900 3758 ettam
913 3721 942 3759 m
954 3703 1138 3760 Melanthonis
1178 3725 1206 3760 e·
1255 3731 1455 3809 temporum
1476 3706 1799 3811 epfmperiomffl)
1815 3718 1981 3788 ostendit·
2033 3717 2141 3790 Nulla
2157 3745 2248 3812 gens

321 3775 530 3836 elamstiosdbus
548 3774 585 3830 T.
599 3771 648 3827 lV.
667 3789 694 3843 p.
706 3773 766 3828 65⁰.
1598 3817 1607 3836 .
1954 3821 1963 3837 .
1993 3819 2003 3836 ·
2023 3819 2031 3838 ·
2174 3823 2182 3840 .
2234 3823 2246 3842 .

1256 3815 1364 3892 habet
1385 3833 1515 3889 certam
1541 3839 1665 3886 serrem
1688 3839 1865 3886 annorum
1890 3820 1935 3887 ab
1953 3836 2076 3902 instro,
2101 3833 2142 3892 ut
2157 3825 2249 3894 lrbrr

217 3927 430 4011 Reverendo
452 3927 547 4016 viro,
571 3925 774 4000 eruditione
795 3937 826 3998 et
844 3926 973 4000 virtute
986 3929 1207 4026 praestanti,
1256 3917 1444 3991 Ecclesiae.
1480 3911 1736 3988 Ostenduntet
1751 3918 1896 3988 nomina
1914 3917 2099 4004 Gentium,
2125 3925 2253 4014 priora

218 4036 388 4109 Domino
415 4027 552 4104 pem,
578 4023 726 4099 Palla
739 4025 831 4116 ᾱῑο,
861 4025 1207 4103 DoctoriThwlo.
1257 4043 1331 4090 esse
1367 4033 1599 4089 monumenta
1636 4017 1772 4111 primae
1814 4015 2004 4096 Ecclesiae.
2072 4021 2253 4100 Retinent

217 4140 328 4237 piae,
362 4133 548 4234 Episcopo
566 4124 853 4211 Roschildensi,
885 4125 1088 4231 Philippus
1119 4129 1207 4206 Me.
1258 4119 1387 4192 Graeci
1403 4119 1549 4190 nomina
1564 4114 1700 4217 Iapeti,
1726 4115 1842 4210 Iovis,
1863 4118 1975 4193 Aeoli
1987 4136 2021 4194 et
2037 4124 2107 4194 alia
2121 4128 2254 4200 multa.

567 4225 728 4304 lambo„
757 4232 794 4306 s,
811 4229 856 4306 D,
1257 4219 1364 4294 Unde
1383 4215 1424 4290 hi
1445 4221 1518 4291 sint
1540 4224 1611 4293 orti
1634 4222 1810 4312 ignorant.
1865 4221 1957 4293 Cum
1982 4239 2098 4296 autem
2119 4228 2254 4322 stirpes

1258 4325 1420 4394 ostendat
1452 4324 1609 4394 narratio
1634 4321 1815 4407 Mosaica,
1852 4325 2037 4396 fatendum
2066 4341 2136 4410 est,
2169 4353 2253 4400 eam

1260 4421 1406 4494 Graecis
1429 4425 1670 4494 monumentis
1697 4425 1934 4520 antiquiorem
1969 4451 2050 4502 esse.
2114 4428 2255 4504 Potens

1260 4539 1294 4597 et
1310 4525 1484 4596 celebrata
1500 4547 1585 4615 gens
1603 4527 1670 4595 luit
1684 4513 1894 4614 Cimmerii,
1920 4553 2073 4622 qaorum
2088 4549 2254 4624 posteros

1259 4651 1333 4697 esse
1347 4615 1520 4696 Cimbros
1545 4641 1679 4696 vestros
1703 4623 1795 4697 nihil
1811 4631 1961 4700 dubium
1976 4645 2038 4705 est.
2090 4629 2254 4727 Stirpem

1261 4743 1377 4800 autem
1394 4727 1524 4799 Graeci
1547 4728 1730 4818 ignorant,
1757 4753 1863 4824 quam
1884 4733 2049 4802 vocabuli
2064 4757 2173 4806 sonus
2192 4738 2256 4807 in-

1261 4831 1355 4901 dicat
1379 4853 1453 4900 esse
1476 4822 1631 4914 Gomer,
1657 4830 1770 4900 tilium
1790 4825 1924 4924 laphet.
1975 4831 2093 4905 Hodie
2116 4861 2256 4910 nomen

1261 4946 1312 5004 est
1334 4927 1487 5026 Aegypti
1517 4932 1557 5000 in
1585 4931 1706 5024 lingua
1731 4933 1892 5026 ipsorum
1917 4937 2122 5024 vernacula,
2157 4955 2191 5011 et
2214 4943 2256 5013 in

222 4377 344 4482 Saepe
359 4387 512 4477 cogitare
528 4383 739 4466 testimonia,
765 4407 855 4476 qnae
870 4399 1006 4455 mentes
1022 4379 1207 4458 hominum

219 4493 350 4585 partim
377 4488 613 4565 convincunt,
647 4487 777 4576 partim
806 4485 980 4571 invitant,
1018 4501 1060 4558 ut
1089 4511 1210 4558 essen.

220 4595 358 4665 tiantur
371 4591 561 4672 doctrinae,
589 4609 695 4680 quam
710 4583 808 4656 Deus
821 4588 964 4678 proprie
978 4589 1126 4660 tradidit
1139 4587 1211 4660 Ec-

213 4679 346 4764 clesiae
368 4715 470 4772 suae,
507 4702 542 4758 et
566 4689 665 4758 inea
689 4700 893 4772 conservat,
931 4689 1033 4759 valde
1056 4691 1211 4782 prodest,

222 4815 375 4890 quorum
400 4787 459 4858 hic
479 4811 648 4860 numerus
666 4789 834 4860 traditor:
876 4787 1071 4878 Miracula,
1103 4788 1210 4863 Anti-

222 4897 357 4992 quites,
403 4888 528 4961 Genus
550 4890 751 4975 doctrinae,
790 4887 1021 4963 Conservatio
1047 4892 1212 4964 miranda

223 4999 316 5068 inter
332 4994 454 5064 ruinas
470 4989 716 5082 Imperiosum,
735 4989 986 5064 confessorum
1002 4995 1212 5082 constantia,

222 5115 257 5172 et
275 5095 415 5170 Arrabo
432 5094 470 5162 in
490 5092 605 5161 corde.
1267 5117 1498 5140 ---·-··

324 5191 453 5266 Primo
467 5195 546 5264 loco
561 5187 747 5263 miracula
761 5209 1007 5282 numerantur,
1025 5209 1211 5288 quaesunt
1298 5227 1326 5294 ι)
1345 5223 1427 5284 nect.
1445 5233 1474 5280 ,3
1490 5229 1535 5284 ae.

223 5300 386 5372 miranda
407 5299 498 5368 sacta
523 5306 617 5364 extra
635 5295 798 5365 ordinem
811 5311 968 5373 naturae.
1019 5293 1099 5368 Etsi
1115 5297 1211 5366 enim
1296 5325 1675 5400 2)„]„0„g,1„„2n„1‚

127 5384 137 5420 ²
223 5417 317 5478 totus
337 5401 426 5472 ordo
443 5411 590 5470 naturae
606 5396 650 5468 de
664 5392 743 5468 Deo
758 5411 792 5468 et
805 5397 1049 5470 testimouium
1062 5412 1097 5469 et
1114 5421 1212 5468 com-
1296 5427 1326 5499 5)
1344 5427 1467 5500 [Μ]
1487 5427 1568 5490 Μ,
1586 5433 1783 5502 mmmm,
1807 5451 1837 5490 u
1856 5434 1965 5494 mm
