4748 6180
132 304 181 382 cs
688 277 1134 384 -nr'rs'roinnnnr

128 473 359 626 fflpmpter
380 475 539 538 Ecclesiam
560 467 678 556 plagam
699 463 774 540 hano
795 479 926 558 accipere
949 483 985 540 sit
1005 447 1132 560 paratus.

223 579 296 620 crea
317 555 700 644 addimffllslltppum,
720 575 801 624 recle
813 565 1007 626 hlaiorismum
1029 585 1133 646 repre-

129 648 226 708 hendi
246 649 408 723 severiter,
443 647 495 706 sibi
517 649 571 708 hoc
593 669 651 708 nou
674 650 844 728 displicere,
876 661 907 710 et
928 653 1033 732 scripta
1055 653 1134 712 edite

129 736 164 792 in
183 733 318 792 Ecclesia
332 733 477 792 &auulsa
497 751 529 793 se
551 735 683 811 probare.
727 736 814 794 Nune
834 735 928 795 rideri
950 737 1037 796 hasce
1061 737 1132 796 duas

128 819 193 877 sias
222 834 396 895 superesse,
431 817 650 895 diligentissime
670 817 807 880 iratribus
828 821 1066 880 considerandas:
1094 841 1132 880 an

127 903 269 981 urgenda
289 903 437 962 revocatio
457 901 601 963 instanter
619 907 670 982 sit,
698 923 736 963 an
758 923 828 964 vero
849 917 971 988 propter
984 905 1131 966 Ecclesiae

129 986 377 1066 tranquillitatem
406 988 521 1046 mollior
547 989 644 1068 aliqua
669 990 743 1048 ratio
769 991 972 1070 pacificationis
992 993 1129 1051 ineunda.

130 1075 196 1134 Etsi
216 1085 318 1131 autern
338 1089 399 1130 non
421 1073 546 1150 possint,
580 1091 677 1152 neque
697 1075 790 1135 velint
810 1077 890 1135 uobis
912 1077 1053 1136 rationem
1076 1077 1130 1136 uli·

131 1177 221 1239 quam
242 1169 356 1216 certam
377 1159 592 1234 praescribere,
620 1170 718 1218 tarnen
739 1174 771 1219 se
792 1162 1015 1222 consolationem
1037 1179 1075 1223 ex
1095 1179 1130 1220 eo

131 1259 258 1322 apere,
299 1240 378 1318 quod
415 1243 553 1319 scripturn
588 1244 639 1302 sit:
679 1246 739 1304 sire
765 1245 998 1306 vehementiores
1025 1267 1130 1324 sumus,

131 1330 200 1388 Deo
219 1345 336 1401 sumus,
371 1326 434 1384 rite
455 1327 597 1386 moderati
618 1337 730 1405 snmus,
760 1332 839 1390 vobis
861 1350 967 1391 sumus.
1017 1333 1130 1392 Verum

133 1431 168 1474 se
187 1431 248 1472 nun
270 1409 400 1470 aennon
421 1409 548 1470 iudicum
569 1415 729 1490 stistinere,
755 1415 821 1475 ideo
842 1416 946 1496 rogare
967 1435 1022 1496 per
1043 1417 1129 1476 Chri-

137 1509 232 1572 stum,
261 1507 294 1554 ut
321 1497 504 1556 csnmdant
529 1498 560 1554 in
588 1499 722 1557 articulos
750 1505 950 1580 praescriptos.
1004 1505 1077 1562 Sese
1099 1503 1129 1559 in

139 1593 226 1642 muts
245 1581 358 1638 ndlnte
379 1597 480 1638 renim
501 1581 627 1642 omnium
642 1585 817 1663 Vitebergae
838 1589 976 1648 maximos
998 1597 1129 1666 sumptus

145 1666 259 1739 iacere,
289 1675 318 1722 et
346 1675 451 1744 optare
479 1681 592 1725 causatu
620 1675 781 1747 maturare,
815 1684 846 1732 et
866 1673 954 1753 paulo
976 1675 1128 1752 tempesti-

150 1751 207 1810 aas
225 1750 261 1808 sd
280 1768 346 1807 suos
367 1750 487 1808 domum
508 1753 626 1812 reverti.

223 1831 418 1912 Vigendss
443 1838 559 1895 nomine
587 1839 782 1898 ministrorum
803 1841 933 1902 adhaec
954 1842 1127 1922 respondet:

132 1949 176 1968 -
195 1951 240 1967 -
261 1949 305 1964 -·-
332 1919 412 1997 quod
446 1922 647 2000 exposuissent
678 1928 857 2003 corruptelas
883 1927 971 2008 ipsius
985 1925 1013 2016 *)
1040 1927 1128 1988 etiarn

132 2007 209 2064 iussn
232 2004 466 2082 sarpedone
487 2007 641 2065 bonafide
662 2011 812 2085 collectas,
847 2031 905 2071 uon
926 2031 991 2072 esse
1012 2015 1127 2091 integre

129 2087 301 2168 Philippo
330 2089 487 2166 exhibitas,
522 2092 595 2150 sicut
622 2095 751 2172 aequitas
774 2105 804 2153 et
825 2097 913 2172 ipsius
934 2098 978 2156 rei
1000 2100 1127 2157 necessi-

130 2185 191 2252 tas,
228 2173 342 2234 deinde
369 2173 458 2232 etiarn
484 2191 556 2236 vera
575 2181 723 2238 cenversio
744 2182 902 2240 errantium
923 2183 1127 2262 postulassent,

127 2279 166 2320 ex
189 2261 289 2318 animo
310 2275 344 2316 se
366 2257 478 2318 dolere.
521 2259 671 2321 Parceudo
693 2265 770 2322 enirn
792 2269 987 2342 peecatoribus
1006 2269 1126 2327 indura-

127 2347 164 2404 tis
193 2345 378 2404 uoluntatem
405 2345 461 2402 Dei
488 2363 544 2402 aon
573 2349 721 2424 expediri,
764 2369 860 2428 neque
890 2354 974 2411 saluti
1003 2355 1126 2430 proximi

126 2441 211 2490 recte
232 2429 357 2488 oouadi.
401 2429 450 2487 Ne
469 2439 567 2489 alitem
589 2433 813 2510 praecipitarent
836 2440 1067 2514 responsionem,
1095 2451 1126 2499 et

126 2527 211 2574 recte
238 2513 430 2590 cogitationes
458 2531 525 2572 suas
550 2516 757 2592 intenderent,
793 2537 826 2576 ac
847 2521 1011 2581 deliberare
1033 2525 1071 2582 de
1093 2545 1126 2584 re

126 2599 299 2676 pacissima
327 2597 438 2656 utiliter
464 2610 598 2675 possent,
627 2617 694 2662 sese
715 2615 818 2682 petere
839 2607 868 2663 iu
892 2619 1013 2687 quatuor
1034 2611 1126 2688 parti-

126 2687 183 2742 bus
203 2683 400 2742 mediatorum
421 2681 656 2744 declarationem.

212 2767 363 2841 ennon,
397 2777 430 2824 ut
450 2767 560 2827 directe
583 2779 613 2827 et
634 2773 791 2852 praecipue
804 2773 974 2836 ‘indicarent
995 2777 1034 2837 de
1055 2779 1126 2838 arti·
1194 2777 1198 2788 '

127 2853 218 2927 culis,
247 2851 321 2929 quid
343 2852 528 2929 ademptum,
562 2855 632 2931 qnid
654 2875 819 2918 concessum
842 2863 877 2919 sit
898 2863 979 2922 iuxta
1000 2883 1127 2922 commo·

129 2936 314 2996 admnones
342 2954 414 3014 quas
440 2937 495 3016 ipsi
522 2939 708 3001 addidissent.
767 2945 902 3006 Secundo
931 2949 1128 3028 significarent

130 3023 169 3082 sle
188 3021 308 3100 lipn'co
328 3021 463 3096 interim,
489 3037 527 3080 an
545 3024 667 3084 deberet
693 3046 833 3106 expresse
854 3031 958 3108 inseri,
986 3035 1033 3092 vel
1057 3055 1125 3094 non.

130 3107 249 3181 Τεηίο,
277 3115 376 3164 utrum
403 3106 448 3164 ius
474 3123 508 3164 ac
530 3119 657 3185 potestas
677 3115 915 3190 reprehendendi
937 3118 1009 3178 haee
1029 3119 1126 3180 luter-

131 3191 251 3250 'nuistica
268 3201 406 3267 peccata,
426 3190 624 3270 delectiones,
645 3196 866 3276 abnegationes,
889 3204 975 3260 etiarn
987 3204 1126 3286 deinceps

133 3293 253 3336 manare
282 3273 428 3332 deberent
455 3277 517 3334 siue
539 3283 726 3356 expressione
748 3297 936 3360 personarum
959 3307 1010 3347 seu
1032 3293 1126 3350 nomi.

138 3377 211 3420 aun.
261 3359 392 3434 Quarto,
412 3359 451 3418 de
463 3362 569 3440 canpto
582 3365 697 3440 publice
710 3367 826 3427 edendo
841 3389 906 3428 curn
920 3373 1126 3452 subscriptione

145 3445 280 3503 rursm
308 3444 447 3522 utrinqne
472 3444 565 3522 iacta,
598 3463 636 3506 an
661 3449 737 3510 illud
764 3471 880 3534 quoque
907 3457 971 3516 lieri
992 3461 1124 3524 deberet.

144 3525 281 3587 Postrern
302 3547 335 3587 se
357 3530 478 3606 insuper
499 3541 630 3590 amanter
650 3535 727 3612 ipsos
749 3557 847 3614 orare,
876 3551 908 3598 ut
929 3544 1034 3622 scripto
1056 3567 1125 3606 seu-

140 3613 254 3672 tentiam
273 3632 357 3672 suum
378 3615 533 3692 perspicue
550 3619 798 3695 comprehendant
819 3634 851 3685 et
872 3626 923 3683 sllri
940 3627 1106 3692 exhibeant.

213 3690 394 3761 Mortem
420 3700 525 3758 iterum
553 3703 609 3778 ait,
645 3707 739 3763 omitia
765 3723 830 3768 esse
857 3709 888 3768 in
915 3713 972 3771 suis
999 3719 1125 3778 articulis

130 3779 302 3842 luculenter
328 3783 552 3863 comprehensa,
592 3805 625 3846 ae
652 3807 684 3849 se
712 3791 837 3852 libenter
864 3815 959 3856 coram
986 3805 1125 3882 copiosius

128 3882 179 3926 ecs
205 3867 409 3927 declaraturos
436 3885 515 3942 esser
550 3872 639 3931 licere
661 3875 790 3936 omnibns
811 3881 902 3939 modis·
924 3894 954 3941 et
975 3886 1003 3943 iu
1027 3902 1125 3966 poste-

126 3969 194 4050 pm
208 3963 382 4029 capacem
402 3961 512 4014 tuere.
552 3955 700 4018 Pnlrlicum
723 3965 861 4042 scriptum
882 3985 946 4028 esse
968 3971 1126 4052 edendum,

124 4055 156 4136 sn
188 4053 250 4116 quo
277 4047 415 4096 testatum
443 4035 501 4096 teir
526 4041 577 4098 toti
599 4043 746 4105 Ecclesiae
774 4067 807 4108 ac
829 4055 989 4129 posteritati
1011 4059 1049 4118 de
1071 4061 1124 4122 hac

120 4137 176 4198 prs
199 4131 232 4180 et
254 4121 372 4181 saluuri
394 4122 555 4182 ecumrdis.
604 4127 710 4188 Licere
731 4135 819 4192 etiam
841 4133 988 4200 Maiora
1010 4163 1124 4208 errores

121 4205 367 4286 reprehendere.
409 4203 612 4288 Philippum
633 4215 844 4278 confessionem
865 4225 901 4282 ab
919 4227 1048 4288 omnibus
1060 4232 1124 4290 edi-

121 4302 190 4348 tam
209 4299 243 4350 et
257 4291 401 4352 Saxonics
421 4295 528 4371 scripta
548 4299 719 4374 approbare.
762 4305 899 4386 Denique
911 4327 944 4368 se
958 4313 1039 4372 nohis
1056 4333 1123 4400 spa·

120 4377 203 4437 nnn
223 4375 370 4452 mgimndi
390 4377 490 4436 datm
511 4395 585 4438 esse.
672 4447 679 4456 ,
1035 4393 1041 4402 ’

212 4455 381 4540 Inyrsoss
408 4477 523 4541 quoqne
550 4465 640 4524 instat
664 4477 697 4528 et
716 4481 795 4550 orat,
828 4477 910 4536 utin
931 4482 1037 4560 scripto
1058 4503 1124 4546 suas

122 4543 345 4604 manea
372 4545 512 4606 exhibere
540 4547 713 4630 dignentur,
744 4576 800 4636 quo
822 4561 927 4621 rectius
948 4577 979 4626 el
1000 4571 1124 4650 expedi·

121 4631 187 4688 tius
215 4629 256 4690 de
283 4629 329 4690 lris
357 4631 458 4690 tantis-
471 4633 558 4692 rebus
584 4637 711 4714 cogitare
741 4639 848 4702 iratres
876 4651 1004 4726 possent.
1063 4655 1124 4718 Sed

123 4713 307 4812 mediatpres
327 4714 428 4774 iubent
447 4717 525 4794 ipsos
546 4719 652 4778 iterum
666 4721 808 4785 articulos
829 4734 1010 4812 expendere.

213 4799 359 4900 nigro-is
385 4801 589 4862 menandrus
610 4807 746 4868 miculos
768 4828 865 4874 rtrrstu
888 4821 1054 4882 examinant
1074 4840 1123 4883 ac.

123 4893 275 4960 ουτω,
302 4895 343 4943 α’
356 4885 659 4948 ceramussense
679 4896 811 4974 consilio,
833 4917 908 4976 quae
928 4901 996 4985 ipsis
1009 4905 1124 4983 omniuo

121 4983 189 5028 nen
211 4969 376 5028 meda
393 4969 575 5030 asemas
605 5001 612 5030 ι
982 4976 987 4998 '

214 5053 337 5111 Summo
362 5071 448 5112 mane
475 5053 518 5136 (d.
540 5054 592 5116 26.
614 5055 689 5138 lan.)
718 5079 773 5138 per·
793 5065 834 5124 lt.
857 5063 996 5132 Petram
1017 5061 1125 5138 Aris.

123 5141 225 5234 tren
257 5137 606 5230 mediatoribus'srticnli
634 5161 653 5200 a
678 5145 975 5237 hlagdehurgensihus
1003 5165 1125 5241 conecti

122 5231 300 5299 murator,
325 5223 369 5282 ita
396 5223 514 5302 qtnsoa
540 5226 693 5308 descripti,
715 5232 755 5290 'nt
783 5233 813 5293 iu
836 5240 966 5322 ''spatioso
995 5249 1126 5326 margine

128 5379 334 5397 Μ

168 5481 304 5554 oasa
322 5481 457 5548 aare.
565 5494 571 5524 ·-
628 5494 633 5502 ·

1176 265 1417 391 'nrn'xr'n
1474 311 1608 391 1557.

2128 313 2177 392 st

1184 499 1249 542 suas
1263 502 1399 546 ceusrrras
1412 485 1538 548 adiicere
1552 488 1695 550 deberent
1710 487 1781 570 quid
1795 487 1986 550 rescandum
2000 501 2087 566 esset,
2109 491 2178 570 quid

1184 569 1425 649 relinquendum,
1446 573 1476 632 id
1491 573 1668 652 quodetiam
1683 591 1824 656 expresse
1839 577 2024 656 rogabuntur.
2068 577 2177 636 Exem-

1182 655 1248 732 plar
1268 657 1388 718 istorum
1409 659 1594 718 articulorum
1616 672 1674 723 est:

1204 753 1233 817 1.
1256 759 1435 837 Consensus,
1470 761 1591 822 firmiter
1618 783 1671 822 usu
1693 771 1724 822 et
1745 761 1883 823 condona
1904 781 1956 822 serr
1976 763 2109 824 docendo
2130 775 2175 826 te·

1223 845 1353 920 uendus,
1380 847 1569 908 constituatur
1590 847 1619 906 in
1634 847 1856 910 doctriuaiutta
1869 867 1950 906 sacra
1963 849 2066 924 biblia,
2087 851 2174 926 Sym-

1223 929 1321 988 bolum
1348 931 1558 1010 Apostolieum,
1593 935 1695 992 Nicen.
1724 943 1755 992 et
1776 932 1930 1008 athanas,
1965 933 2174 995 confessionem

1223 1016 1435 1092 augustanam,
1461 1017 1630 1094 apologiam
1653 1029 1683 1076 et
1703 1015 1943 1078 Schmalealdicos
1964 1019 2115 1094 articulos,
2143 1032 2173 1078 et

1221 1099 1350 1176 inprimis
1379 1118 1455 1180 quae
1482 1103 1512 1159 in
1540 1103 1575 1160 iis
1597 1101 1636 1162 de
1656 1102 1838 1177 antichristo,
1866 1113 1898 1162 et
1919 1103 1996 1162 omni
2017 1123 2083 1162 curn
2106 1099 2170 1186 [co]

1222 1184 1377 1246 collusione
1398 1195 1448 1244 ant
1469 1187 1666 1246 conciliatione
1688 1187 1897 1265 comprehensa
1917 1199 1994 1271 sunt.

1199 1282 1231 1348 2.
1253 1285 1430 1346 Reiiciantur
1452 1287 1680 1348 etdamneutur
1702 1307 1802 1350 ornnes
1823 1290 1960 1350 contrarii
1980 1308 2096 1348 errores
2112 1291 2169 1349 Pa·

1221 1373 1377 1450 pistarum,
1398 1373 1652 1448 interimistarnrn,
1674 1375 1941 1452 adiaphoristarurn
1963 1387 1994 1434 et
2009 1375 2169 1434 hhtiorista-

1221 1477 1303 1532 rum,
1339 1469 1370 1517 et
1397 1457 1523 1518 ornniurn
1550 1459 1780 1518 conciliationnrn
1809 1475 1848 1518 ex
1880 1460 2000 1523 luteum
2033 1473 2169 1534 actarum,

1220 1543 1482 1620 Auabaptistarnm,
1495 1543 1797 1618 sacramentariorum,
1819 1545 2043 1620 Serretieoruur,
2064 1545 2168 1604 Ouian-

1221 1627 1384 1703 dristarnm,
1402 1627 1682 1705 Stencleldistarurn,
1701 1629 1877 1705 ihammerl,
1897 1641 1928 1688 et
1939 1631 2167 1690 Anfiuomounn.

1199 1725 1230 1792 3.
1253 1730 1300 1789 Ex
1326 1730 1447 1790 articulo
1468 1729 1673 1789 iustificationis
1693 1731 1833 1789 tollantur
1854 1747 1955 1788 omnes
1975 1732 2168 1808 corruptelae,

1220 1825 1283 1876 tum
1305 1825 1438 1891 veteres,
1465 1825 1527 1874 tum
1548 1833 1650 1874 recens
1671 1827 1768 1890 ortae,
1796 1833 1830 1873 ac
1846 1825 2010 1893 pugnantes
2026 1835 2091 1874 curn
2106 1818 2167 1874 siu-

1219 1918 1289 1960 cera
1309 1901 1439 1960 doctrina
1459 1901 1615 1978 apostolica
1635 1911 1666 1959 et
1686 1902 1853 1978 augustana
1874 1899 2067 1976 consemione,
2087 1901 2168 1980 Apo-

1182 2027 1187 2034 -
1220 1985 1312 2064 logia,
1339 1986 1466 2045 articulis
1487 1985 1719 2044 Schmalcaldicis
1747 1996 1778 2045 et
1797 1983 2021 2044 confessionibus
2043 1985 2167 2044 Saxoni-

1220 2071 1275 2144 cis,
1308 2072 1465 2148 praecipue
1499 2072 1682 2148 corrnptelae
1715 2069 1754 2130 de
1781 2072 1954 2131 necessitate
1981 2087 2102 2148 operum
2129 2071 2167 2128 ad

1218 2156 1358 2230 oannem,
1387 2167 1418 2216 et
1438 2155 1616 2216 coniunctae.

1197 2251 1229 2316 4.
1251 2255 1398 2316 Ecclesiae
1419 2259 1579 2317 Saxonicae
1600 2277 1658 2318 non
1680 2269 1799 2338 possunt
1820 2257 1971 2318 discedere
1992 2275 2010 2315 a
2029 2259 2167 2316 suiscon-

1218 2335 1388 2401 sessionibus
1423 2353 1454 2401 et
1489 2343 1702 2420 scriptionibus,
1747 2333 1817 2421 qua's
1851 2343 2008 2403 ediderunt
2035 2354 2168 2422 ternpore

1220 2427 1370 2505 proximae
1405 2429 1628 2507 persecutionis,
1669 2427 1722 2487 sed
1754 2430 1785 2487 in
1812 2427 1870 2487 illis
1898 2445 1949 2485 usu
1978 2437 2009 2486 et
2037 2428 2168 2486 docendo

1182 2545 1187 2559 .
1220 2527 1395 2591 permanere
1416 2513 1546 2588 manino,
1574 2513 1637 2573 Deo
1658 2514 1829 2588 adiurante,
1857 2513 1967 2570 solunt.

1198 2611 1229 2675 5.
1251 2615 1299 2676 Ne
1320 2615 1371 2672 liat
1393 2615 1453 2674 ulla
1473 2617 1646 2690 conciliatio,
1680 2633 1852 2693 quocunque
1873 2615 1992 2672 demum
2010 2623 2164 2690 praetextu

1220 2719 1285 2762 curn
1306 2701 1429 2778 Papiriis
1456 2701 1495 2758 de
1523 2701 1708 2776 ceremoniis,
1742 2699 1796 2758 nisi
1824 2701 1902 2780 prins
1930 2699 2038 2778 liquide
2059 2717 2166 2756 conre-

1220 2787 1298 2844 nerit
1326 2785 1364 2844 de
1386 2803 1455 2843 sera
1476 2786 1622 2862 doctrina,
1655 2795 1688 2844 et
1708 2785 1762 2861 ipsi
1783 2785 1923 2844 desierint
1944 2801 2007 2842 esse
2030 2801 2167 2858 persecu·

1220 2881 1298 2931 tores
1315 2870 1477 2946 doctrinae,
1506 2872 1578 2928 sicut
1592 2872 1678 2929 etiam
1693 2867 1911 2929 Schmalcaldici
1925 2869 2037 2927 articuli
2051 2867 2167 2940 habeut,

1219 2955 1271 3014 sed
1300 2971 1400 3015 ornnes
1429 2965 1491 3012 turn
1519 2955 1661 3016 hactenus
1687 2954 1782 3016 iactam
1810 2965 1871 3012 tum
1899 2955 1929 3012 in
1952 2965 2100 3030 posterum
2120 2953 2166 3009 lis-

1219 3040 1341 3100 ciendae
1361 3039 1515 3116 perspicue
1535 3040 1725 3116 damnentur,
1752 3050 1783 3098 et
1804 3049 1864 3098 tota
1884 3037 2047 3096 constitutio
2063 3036 2166 3096 Eccle-

1218 3127 1278 3186 siae
1300 3125 1407 3184 Christi
1427 3125 1563 3184 ministris
1583 3125 1697 3203 ipsique
1717 3123 1865 3182 Ecclesiae
1886 3123 2082 3201 permittatur.

1196 3225 1398 3305 li.''l'empore
1425 3229 1632 3308 persecutionis
1654 3227 1758 3287 edatur
1779 3228 1907 3303 ingeuun
1927 3235 1958 3283 et
1980 3225 2071 3282 libera
2095 3239 2166 3281 con-

1217 3313 1322 3388 l'essio,
1348 3324 1379 3374 et
1400 3333 1457 3371 non
1480 3314 1646 3372 admittatur
1666 3313 1790 3372 seruitus
1803 3327 1936 3388 pugnans
1950 3329 2016 3368 cum
2033 3307 2166 3366 libertate

1218 3398 1389 3474 christiana,
1419 3409 1449 3457 et
1470 3416 1546 3476 quae
1567 3399 1688 3457 admissa
1710 3407 1755 3456 est
1776 3397 1941 3454 damnetur.
1993 3395 2058 3453 Sint
2079 3393 2166 3451 etiam

1218 3483 1316 3543 clares
1336 3483 1443 3542 Christi
1471 3485 1534 3541 eius
1555 3484 1689 3541 ministris
1710 3501 1743 3542 ac
1764 3481 1913 3539 Ecclesiae
1935 3495 2028 3556 usque
2050 3492 2166 3556 quaque

1213 3571 1327 3630 'litterae
1360 3586 1395 3628 ao
1428 3568 1561 3649 integrae
1589 3569 1660 3627 citra
1687 3581 1774 3628 omne
1800 3565 2041 3644 impedimentum
2068 3563 2165 3640 politi-

1217 3671 1326 3717 corum.
2126 3669 2130 3678 “

1196 3759 1227 3820 7.
1250 3757 1414 3817 Damnabat
1432 3767 1463 3817 et
1478 3755 1674 3814 damnabimus
1688 3755 1833 3832 lipsicum
1849 3750 1985 3826 iuterim,
2007 3767 2058 3808 seu
2071 3747 2164 3824 Lipsi-

1215 3861 1281 3902 cum
1295 3843 1447 3918 ibtidtlni,
1473 3859 1524 3901 seu
1547 3841 1774 3900 conciliationem
1790 3849 1911 3920 ¹nostrae
1933 3835 2079 3911 religionis
2100 3851 2165 3890 cum

1217 3929 1358 4005 Papistica
1372 3929 1485 4006 Lipsiae
1506 3925 1585 3984 initio
1606 3921 1659 3986 49.
1682 3925 1749 3981 anni
1769 3919 1891 3998 factam,
1918 3939 1969 3980 sen
1991 3917 2165 3976 conciliatio-

1216 4031 1270 4074 nes
1291 4033 1390 4073 omnes
1409 4016 1439 4072 in
1461 4011 1540 4071 hisce
1561 4012 1643 4070 tetris
1664 4009 1700 4068 ab
1720 4025 1796 4066 anno
1810 4003 1863 4067 48.
1877 4023 1967 4084 usque
1981 4004 2018 4062 ad
2034 4001 2084 4062 bl.
2099 4021 2164 4060 cnm

1218 4099 1340 4176 Pupistis
1372 4099 1478 4172 lactas,
1512 4113 1562 4155 sen
1598 4113 1699 4155 omues
1726 4093 1898 4153 collusiones
1925 4087 2164 4164 Euangelicorum

1218 4185 1368 4243 doctorum
1389 4201 1456 4242 curn
1476 4180 1597 4260 Papiriis
1618 4185 1654 4241 ab
1674 4197 1752 4239 anno
1771 4173 1824 4238 48.
1838 4175 1982 4253 usquead
1997 4170 2049 4232 61.
2064 4171 2163 4242 lactas,

1218 4287 1271 4326 sen
1305 4287 1405 4330 ornnes
1433 4267 1537 4326 horum
1562 4277 1725 4346 terraconam
1754 4261 1950 4338 adiaphoricas
1975 4256 2162 4340 corruptelas

1218 4354 1264 4412 Ex
1285 4353 1365 4414 hisce
1386 4373 1444 4414 nna
1463 4353 1561 4430 aliqua
1580 4351 1707 4410 formula
1717 4347 1882 4420 selipstur,
1907 4353 1958 4402 aut
1971 4341 2065 4418 aliqua
2078 4357 2163 4416 pror-

1217 4459 1264 4500 sus
1292 4439 1372 4502 idern
1392 4439 1494 4498 valens
1514 4437 1692 4511 subiiciatnr,
1719 4445 1752 4494 ut
1773 4429 1937 4490 deliberare
1957 4426 1996 4484 de
2018 4441 2053 4482 eu
2073 4425 2103 4484 in
2126 4426 2162 4484 ti-

1217 4541 1299 4583 more
1320 4524 1427 4582 domini
1447 4523 1595 4602 possimus.
1644 4564 1648 4573 .

1196 4621 1228 4686 Β.
1249 4627 1379 4690 Necesse
1409 4633 1469 4698 est,
1501 4634 1533 4684 et
1561 4621 1669 4681 domiui
1689 4619 1861 4680 mediatores
1881 4611 2082 4686 consentiunt,
2115 4612 2166 4672 edi

1217 4711 1357 4786 scriptum
1378 4725 1545 4784 commune,
1579 4707 1610 4765 in
1632 4725 1689 4783 quo
1709 4704 1740 4762 hi
1760 4700 1874 4761 nticuli
1894 4711 1944 4758 aut
1965 4697 2162 4772 dentrinqne

1218 4795 1402 4870 corruerent,
1434 4795 1512 4859 clare
1548 4802 1578 4852 et
1609 4791 1720 4852 diserte
1752 4794 1912 4866 ponantur,
1947 4783 2019 4840 citra
2047 4799 2162 4838 ornnem

1217 4877 1352 4938 fraudem
1385 4879 1415 4938 in
1450 4866 1631 4960 praefatione
1663 4883 1716 4932 aut
1749 4869 1930 4932 conclusione
1962 4865 2163 4938 adhibendam,

1217 4983 1283 5024 cum
1312 4963 1518 5022 contestatione
1545 4961 1696 5020 restitutae
1724 4957 1754 5016 in
1783 4955 1890 5014 domini
1911 4953 2026 5012 nomine
2048 4949 2162 5010 uniatis

1218 5069 1284 5106 cum
1304 5049 1510 5124 subscriptione
1532 5043 1682 5122 ornusque
1703 5041 1802 5122 partis.

1224 5226 1227 5244 ,
1260 5152 1568 5228 Asootottssisla.
1609 5162 1642 5220 Si
1663 5160 1758 5221 altera
1778 5175 1845 5236 pars
1863 5155 2044 5222 existbuatur
2065 5153 2161 5214 occul·

1175 5263 1240 5325 tare
1262 5253 1374 5329 aliquos
1392 5267 1524 5323 emnem,
1545 5247 1715 5325 ‚reqrdratur
1736 5242 1906 5317 declaratio,
1926 5258 2003 5317 qrrae
2022 5256 2056 5300 se
2076 5239 2162 5298 ollert

1176 5338 1214 5396 ad
1235 5353 1417 5401 wumnnets
1438 5333 1652 5399 mationem
1672 5348 1788 5390 sumum
1804 5327 2029 5400 sentennurum,
2054 5325 2163 5402 siquas

1177 5421 1265 5485 isilsas
1286 5421 1404 5497 sparsit,
1439 5439 1515 5496 quse
1535 5419 1656 5498 quidem
1676 5415 1798 5477 domnis
1818 5409 1955 5470 iratribus
1974 5411 2056 5468 iuxta
2075 5408 2162 5466 ratio·

1177 5523 1245 5566 nem
1265 5506 1557 5580 dmumnndsrunr,
1577 5513 1608 5562 et
1628 5501 1757 5578 inprimis
1777 5494 1857 5578 quod
1877 5513 1936 5556 uon
1956 5492 2012 5554 init
2024 5491 2164 5554 hactenns

1587 5581 1649 5658 41
