4748 6180
202 335 250 410 ³1
767 317 1207 401 uutsuouaunu

205 497 364 588 eptosta
383 493 733 584 magdeburgensium
761 493 972 580 negatorum
998 493 1046 560 55
1068 472 1198 575 Super·

228 587 440 653 intendentes
467 581 805 752 Sexosieopcplipgi.
826 581 903 652 toa.
926 581 1019 648 1557.
1045 579 1174 647 Doctior·

205 793 346 882 Salutem
365 826 384 870 a
404 806 521 868 5515155
540 806 606 866 lesu
633 807 718 866 unico
745 807 873 866 omnium
899 805 1013 886 piorum
1033 803 1201 878 Servatore,

206 905 311 964 Amen.
352 893 510 970 Venimus,
530 893 632 952 Patres
652 893 810 952 reuerendi
831 903 863 951 et
883 891 990 952 1151155
1011 889 1147 948 dilectiss.
1169 889 1200 944 in

206 984 317 1048 domini
326 980 453 1056 nomine,
465 978 523 1038 huc
535 977 706 1056 Corrigum,
726 978 799 1037 sicut
811 977 941 1056 petiistis,
962 992 1017 1052 ego
1035 970 1201 1056 Illyricos

206 1091 262 1154 pro
282 1085 331 1128 me
352 1066 402 1126 tel
423 1064 519 1144 potius
540 1081 594 1141 pro
616 1064 760 1122 communi
780 1080 883 1138 causa„
913 1071 944 1120 et
966 1071 1026 1120 tres
1047 1059 1200 1118 conciona-

207 1170 288 1218 tores
315 1151 432 1212 nomine
452 1149 603 1208 Ecclesiae
624 1147 882 1227 Magdeburgensis
908 1165 927 1205 a
954 1155 1014 1204 toto
1041 1144 1200 1203 ministerio

207 1252 240 1306 et
268 1239 380 1302 Senatu
408 1234 496 1294 certis
523 1232 666 1292 mandatis
692 1233 779 1294 missi.
843 1231 1035 1308 Intelligimus
1070 1239 1102 1288 et
1129 1229 1200 1287 alios

207 1325 348 1408 quosdam
376 1322 518 1380 Doctores
545 1335 584 1378 ex
613 1318 675 1378 aliis
703 1318 772 1376 locis
798 1311 1027 1396 adventuros*),
1062 1315 1112 1392 qui
1138 1323 1200 1372 tum

207 1431 278 1492 pers
297 1408 395 1486 aliqua
414 1405 519 1464 horum
539 1403 727 1463 certaminum
748 1402 886 1479 suerunt,
913 1412 974 1460 tum
1002 1401 1108 1478 alioqui
1129 1399 1200 1458 reli-

209 1496 288 1578 gioni
307 1511 342 1552 ac
361 1489 509 1552 1115155155
535 1487 592 1548 Dei
620 1497 701 1548 recte
729 1488 892 1558 consultum
918 1486 1053 1565 cupiunt,
1080 1504 1151 1562 quos
1183 1500 1201 1542 a

208 1578 376 1662 praeseutia
394 1576 538 1636 actionum
558 1583 590 1633 et
610 1575 647 1632 ab
666 1573 735 1651 ipsis
756 1574 912 1632 actionibus
928 1571 1124 1632 transactionis
1145 1587 1200 1630 er-

209 1666 333 1728 cludere
354 1679 479 1740 aequum
499 1667 643 1734 nonest,
670 1677 736 1716 cum
761 1658 804 1717 illi
831 1675 864 1716 se
891 1676 1006 1716 murum
1034 1675 1088 1734 pro
1116 1655 1201 1714 domo

208 1750 326 1811 Domini
352 1745 525 1820 obiecerint,
566 1745 754 1822 cervicesque
783 1761 847 1801 suas
874 1753 963 1820 atque
991 1741 1066 1799 adeo
1093 1742 1202 1798 animas
1284 1790 1289 1803 ,

210 1838 287 1916 ipsas
314 1851 367 1914 pro
393 1830 531 1890 iratribus
559 1831 590 1888 in
618 1830 736 1890 summis
763 1827 980 1887 difficultatibus
1001 1826 1202 1904 desperatissi-

209 1922 324 2000 misqne
352 1915 529 1994 temporibus
557 1914 765 1974 subiecerint‘
791 1915 857 1974 Scio
892 1922 992 1972 115555
1018 1921 1114 1987 certo,
1152 1928 1202 1969 eos

210 2007 279 2080 illa,
301 2019 378 2083 qnae
398 2009 479 2067 recta
500 2009 584 2076 sunt,
604 2015 788 2078 nequaquam
808 2007 1006 2074 recusaturos,
1026 2006 1116 2076 atque
1129 1996 1203 2055 adeo

211 2109 279 2152 curn
307 2087 412 2148 nornis
438 2085 637 2166 chirographis
663 2093 866 2144 consonatnros
899 2083 1016 2142 omnino
1050 2082 1203 2157 credimus,

210 2175 311 2234 verbo*
323 2179 422 2232 tamen
441 2171 515 2247 Dei,
543 2188 561 2230 a
581 2187 753 2249 quocunque
774 2169 892 2228 demum
917 2169 1037 2228 homine
1057 2165 1203 2246 docto**)‚

212 2275 313 2320 omnes
334 2257 432 2316 subiici
453 2266 499 2316 est
519 2255 731 2334 aequissimum.
775 2257 874 2323 Quare
895 2272 946 2313 ros
973 2271 1028 2331 per
1055 2253 1203 2312 dominnm

212 2347 309 2406 lesum
335 2359 449 2402 oramus
476 2350 508 2400 et
535 2342 733 2416 obsecramus,
775 2349 808 2400 ut
842 2359 914 2419 opus
947 2338 1056 2398 domini
1083 2349 1203 2396 strenue

212 2431 321 2508 agatis,
347 2429 378 2486 iu
399 2426 508 2486 nullius
528 2425 652 2510 hominis
673 2425 779 2486 faciem
799 2427 965 2500 intuentes,
991 2425 1064 2483 sicut
1084 2423 1204 2483 Nathan

211 2511 318 2576 Dauidi
345 2511 573 2592 praeclarissimo
600 2511 692 2589 Regi,
726 2509 847 2569 summo
863 2511 1016 2587 theologo,
1058 2517 1090 2566 et
1117 2509 1204 2567 totius

173 2619 179 2626 ·
210 2599 359 2660 Ecclesiae
388 2597 572 2676 praeceptori
600 2613 635 2655 ac
661 2596 738 2674 patri
763 2596 892 2672 patriae,
920 2603 952 2654 51
979 2594 1060 2653 Elias
1080 2591 1204 2670 Achabo,
1291 2647 1292 2654 ,

211 2693 243 2745 et
263 2682 371 2744 Paulus
382 2681 470 2741 Petro
483 2683 547 2740 sine
568 2679 646 2739 omni
666 2691 802 2760 respectu
824 2680 885 2740 eius
907 2676 952 2759 (nt
965 2679 1105 2740 barbarae
1119 2679 1205 2736 scho-

210 2769 260 2830 lae
280 2761 455 2846 loquuntur)
476 2764 720 2844 qualificationum
740 2766 771 2824 iu
793 2763 897 2824 faciem
911 2765 1026 2824 dicunt:
1048 2773 1080 2824 tu
1093 2782 1126 2824 es
1142 2763 1205 2839 ille,

125 2906 128 2915 ,
210 2855 263 2934 qui
283 2853 409 2932 peccatis
429 2851 487 2910 1515
513 2851 666 2910 conturbat
684 2851 843 2927 lsraelem,
871 2860 901 2909 et
931 2851 1085 2910 veritatem
1105 2850 1205 2908 Evau-

211 2939 282 3018 gelii
303 2955 362 2996 non
383 2944 464 2996 recto
485 2935 565 3014 pede
585 2935 748 3008 incedendo
769 2936 919 3014 depravat.
962 2935 1029 2993 Tali
1051 2952 1153 2994 severa
1174 2941 1206 2992 et

210 3022 353 3085 constanti
374 3021 491 3100 spiritus
512 3021 603 3080 sancti
631 3015 686 3098 p'er
714 3039 765 3082 ora
786 3030 885 3080 restra
904 3021 1050 3100 loquentis
1070 3021 1205 3096 obiurga-

210 3111 291 3170 tione
318 3108 374 3166 ista
401 3105 528 3165 ficulnea
554 3105 691 3183 ligamina
717 3115 749 3165 et
768 3116 853 3166 setus
873 3103 1053 3166 fermentum
1074 3104 1206 3164 diabolici

210 3193 358 3255 venenis
378 3191 544 3268 Georgiano
565 3191 684 3268 spiritu,
710 3190 741 3249 id
769 3200 829 3266 est,
857 3191 937 3269 impii
958 3187 1103 3267 Georgii
1122 3191 1204 3269 prin-

209 3279 283 3359 cipis
302 3277 464 3354 hinguntini
485 3275 651 3334 5555115515
677 3277 709 3334 15
729 3276 850 3336 istorum
877 3276 980 3353 corda,
1012 3285 1043 3336 et
1071 3294 1126 3354 per
1155 3293 1205 3334 eos

207 3367 241 3424 15
268 3371 357 3422 totam
378 3360 538 3420 Ecclesiam
564 3379 669 3438 magna
697 3380 764 3420 cum
788 3360 948 3420 foelicitate
977 3371 1009 3420 et
1035 3361 1205 3420 salubritate

209 3449 298 3510 totius
318 3447 400 3506 istius
420 3445 528 3506 Christi
554 3447 644 3504 nostri
665 3446 993 3525 corporis„Ecclesiae,
1014 3457 1046 3506 et
1065 3446 1205 3524 imprimis

1256 317 1364 400 LlB.
1397 325 1500 405 Xlll.
1554 329 1689 413 1557.
2199 339 2249 414 32

1254 495 1379 560 utilitate
1407 511 1439 562 et
1465 503 1576 581 gloriae
1603 506 1659 566 Dei
1696 509 1877 588 promotione
1910 511 2055 571 contrivit.
2107 509 2247 572 Dominus

1253 582 1332 644 lesus
1354 587 1429 646 adsit
1449 607 1518 648 suae
1532 591 1681 652 Ecclesiae
1702 605 1733 654 et
1753 595 1843 654 finem
1864 596 1925 656 istis
1946 597 2104 658 mendaciis
2126 616 2246 658 eornm·

1254 688 1311 749 que
1333 671 1433 750 glossis
1453 673 1556 752 saciat,
1577 678 1680 738 Amen.

1253 1027 1320 1102 No.
1337 1033 1452 1106 6162.

1266 1123 1436 1158 Μ

2091 1052 2152 1118 21.
2165 1041 2234 1110 lan.

2075 1136 2245 1168 M

1461 1234 1697 1324 Morls'nos
1724 1240 1789 1326 511
1817 1240 2046 1330 Flauium.

1323 1414 1346 1482 'l-
1363 1411 1401 1468 Ex
1413 1413 1492 1470 Actis
1505 1423 1622 1472 15515155
1635 1415 1767 1488 pacificat.
1781 1417 1809 1472 in
1824 1418 1972 1477 55116511.
1989 1421 2010 1476 1.
2025 1439 2054 1494 p.
2069 1419 2120 1476 192
2129 1419 2156 1478 ὓ.

1288 1563 1457 1648 (Inachios
1476 1565 1653 1634 Morlr'nur
1670 1571 1718 1634 ed
1737 1572 1932 1638 atarseo
1952 1574 1978 1640 1
1983 1573 2211 1662 ilyricum.)

1255 1681 1391 1761 Gratiam
1412 1713 1443 1762 et
1463 1721 1566 1782 pacem
1586 1723 1641 1784 per
1655 1705 1810 1765 Christum.
1853 1707 1926 1768 Heri
1945 1709 1977 1767 iu
1998 1712 2106 1790 nuptiis
2118 1712 2176 1772 1511
2190 1714 2247 1774 do·

1253 1807 1347 1846 nunus
1372 1800 1555 1867 praeceptor.
1607 1789 1701 1849 Hodie
1734 1793 1881 1871 coepimus
1915 1813 1982 1853 cum
2016 1795 2068 1856 illo
2095 1801 2247 1877 negotium

1253 1883 1382 1932 nostrum
1405 1883 1538 1934 tractare.
1582 1875 1621 1934 Et
1641 1877 1709 1954 quia
1729 1879 1839 1955 primus
1860 1877 2020 1976 motughst
2034 1879 2246 1961 uehementior,

1253 1969 1369 2038 oportet
1397 1979 1450 2018 nos
1477 1961 1620 2038 tantisper
1648 1979 1737 2040 agere
1765 1963 1859 2020 donec
1879 1965 2019 2023 mitescat.
2072 1967 2165 2045 lgitur
2186 1989 2245 2030 non

1253 2046 1289 2103 sit
1311 2045 1361 2102 tibi
1381 2045 1504 2105 molesta
1524 2063 1605 2106 mora
1625 2045 1714 2122 11555,
1736 2065 1811 2126 quae
1832 2049 1996 2108 intercedit.
2040 2050 2247 2115 Constituimns

1253 2130 1385 2206 omnino,
1411 2130 1490 2208 qnod
1517 2132 1657 2206 uelimus,
1683 2132 1816 2210 iugulum
1842 2151 1946 2194 555555
1972 2143 2094 2214 petere,
2121 2141 2247 2200 5551115

1253 2233 1312 2273 non
1340 2217 1509 2274 necessariis
1537 2217 1629 2274 causis
1657 2218 1843 2276 extrahamus
1871 2229 1903 2278 et
1929 2219 2085 2298 perdamus
2119 2225 2266 2303 tempus.'

1252 2301 1300 2358 Tu
1322 2303 1463 2379 tantisper
1484 2299 1530 2359 hic
1552 2313 1694 2379 expecta,
1723 2304 1762 2360 mi
1788 2303 1900 2380 irater,
1929 2313 1962 2362 et
1981 2305 2012 2364 15
2033 2305 2148 2368 Christo
2168 2311 2245 2371 tale.

1253 2385 1430 2466 Vitebergae
1451 2386 1499 2446 die
1521 2387 1595 2445 loris
1616 2397 1681 2466 post
1702 2387 1839 2448 Anthonii
1860 2388 1978 2448 testum.
2003 2387 2097 2452 1557.

1817 2539 1854 2598 Τ.
1874 2539 2035 2602 1555115155
2054 2543 2209 2620 11511555,

1253 2901 1322 2996 No.
1349 2901 1490 3002 6163„

1261 2999 1433 3028 Μ

2111 2931 2168 2994 21.
2180 2919 2248 2990 155.

2115 3018 2249 3045 Μ

1328 3109 1554 3226 theologi
1581 3106 1800 3228 Magdeb.
1828 3111 1895 3198 511
1918 3113 2191 3208 Mororum.

1323 3287 1346 3354 ί·
1363 3283 1401 3338 Ex
1413 3285 1488 3340 Actis
1500 3293 1617 3340 tentatae
1630 3285 1764 3359 pacificat.
1778 3287 1805 3344 15
1820 3289 1883 3350 555.
1899 3289 2006 3351 (151111.
2021 3311 2047 3367 p.
2062 3293 2123 3353 tet.
2241 3282 2247 3292 ⁵

1255 3437 1545 3504 Reverendr'ssr'mo
1575 3451 1610 3503 ct
1637 3443 1822 3508 clarissimo
1850 3449 1926 3512 niro
1954 3445 2002 3513 D·
2025 3444 2251 3520 locotssso

209 3536 339 3614 ipsorum
359 3541 391 3591 et
412 3531 505 3610 gloria
525 3539 557 3592 et
577 3531 671 3590 salute
692 3533 905 3610 expurgalritis3
935 3532 1063 3609 alioquin
1090 3531 1206 3589 mollius
1256 3521 1300 3588 M
1307 3527 1375 3588 orl
1381 3529 1396 3587 i
1400 3547 1466 3606 sto,
1510 3523 1686 3608 Superiora.
1725 3531 1929 3609 Brunsoic„
1972 3534 2251 3622 eaeterisque

210 3617 326 3696 agendo
347 3626 460 3676 tautum
480 3616 512 3676 iu
533 3627 654 3694 peccata
675 3634 709 3675 ac
729 3619 802 3676 1555
824 3627 855 3675 51
877 3635 986 3694 poenas
1004 3617 1061 3676 Dei
1081 3615 1206 3693 prolun-
1248 3609 1484 3693 fratribus
1507 3617 1586 3674 iesu
1610 3612 1647 3678 V
1649 3611 1879 3694 itabergue
1899 3617 1948 3681 55
1973 3621 2141 3706 egendum
2161 3644 2251 3706 gra-

211 3705 276 3764 dius
288 3703 515 3780 immergantur,
536 3711 569 3760 et
583 3711 644 3760 tota
658 3702 789 3761 Ecclesia
809 3701 912 3760 iisdem
934 3702 1050 3780 grauius
1071 3701 1206 3760 onerabi-

210 3798 275 3862 tur,
303 3797 404 3846 contra
424 3804 494 3852 uero
515 3802 630 3846 errores
651 3787 863 3846 confirmabitis.
907 3786 994 3858 Quod
1022 3787 1061 3845 ad
1087 3805 1139 3844 nos
1160 3787 1206 3844 ui-

210 3873 304 3934 cissim
324 3872 446 3946 attinet,
468 3871 541 3929 sicut
561 3871 640 3930 uobis
661 3872 838 3930 liberrimam
859 3881 890 3930 et
911 3872 1001 3949 plane
1022 3871 1206 3931 christianam

209 3955 351 4038 loquendi
378 3963 410 4014 51
440 3955 547 4034 agendi
578 3955 725 4016 nobiscum
740 3965 928 4034 ‚potestatem
964 3974 1029 4016 esse
1063 3957 1206 4032 uolumus,

210 4043 253 4103 115
274 4057 391 4120 qnoque
413 4041 508 4099 omnia
528 4057 546 4098 a
567 4041 666 4116 nobis,
687 4057 763 4118 quae
784 4040 872 4098 modo
894 4043 984 4099 uerbo
995 4042 1052 4100 Dei
1073 4059 1206 4116 consona,

209 4135 243 4189 et
262 4127 293 4186 15
314 4125 585 4185 haccontrouersia
600 4125 749 4183 Ecclesiae
771 4125 833 4184 eius
854 4126 942 4184 etiam
962 4126 993 4184 in
1014 4145 1131 4184 omnem
1152 4145 1207 4203 po-

210 4212 374 4274 steritatem
393 4209 476 4268 511115
496 4217 579 4284 5551,
606 4210 806 4287 impetrabitis.
856 4209 973 4268 Deinde
1000 4211 1068 4288 quia
1094 4211 1206 4270 intelli-

209 4299 313 4378 gimus,
335 4295 432 4356 denuo
444 4295 481 4352 D.
503 4287 673 4356 Maiorem
693 4295 790 4353 nescio
811 4313 882 4373 quas
903 4295 1042 4354 ficulneas
1062 4297 1207 4374 palliatio-

208 4400 264 4442 nes
285 4392 316 4440 et
337 4381 526 4459 glossationes
547 4380 591 4438 sui
612 4379 745 4457 pudendi
765 4380 872 4438 erroris
890 4398 1046 4456 consuere,
1067 4381 1134 4440 ideo
1156 4399 1206 4439 vos

209 4485 378 4541 monemus,
409 4481 448 4523 ue
478 4463 547 4522 talia
573 4463 640 4522 fieri
667 4463 824 4541 patiamini.
868 4465 945 4524 Nam
964 4465 1032 4524 istos
1054 4466 1207 4525 diabolicos

209 4547 365 4611 cothurnos
387 4567 453 4608 cnm
473 4549 532 4608 suis
553 4547 654 4626 glossis
681 4549 827 4626 corrigere
854 4549 964 4608 multae
987 4565 1049 4608 non
1077 4563 1207 4630 possunt,

210 4653 270 4695 uua
291 4635 377 4693 litera
398 4641 506 4710 potest.
549 4631 699 4691 Postremo
720 4651 771 4691 vos
794 4651 847 4710 per
868 4635 1015 4694 dominum
1030 4637 1125 4696 lesum
1140 4656 1206 4696 ora-

210 4737 292 4794 mus,
318 4726 352 4778 nt
380 4719 504 4796 5551155,
522 4717 633 4796 aliquos
654 4717 692 4775 ad
713 4737 764 4775 nos
792 4719 918 4797 mittitis,
945 4739 1004 4779 una
1029 4717 1207 4802 175515115-

209 4803 280 4866 lum
299 4803 429 4864 1511111111.
473 4801 1206 4886 Ν55ι5155155551115151555,555151515-
1235 4793 1241 4812 '

209 4891 290 4948 cibus
318 4887 368 4947 rel
395 4887 573 4946 authoritate
600 4887 784 4964 permoveri,
811 4897 842 4947 et
867 4890 923 4968 ipsi
951 4900 1011 4951 tota
1038 4893 1093 4952 ista
1121 4911 1207 4952 cansa

209 4974 356 5035 notissima
383 4981 445 5046 est,
475 4971 543 5050 quia
568 4972 599 5029 in
627 4989 663 5030 ea
688 4973 812 5032 multum
840 4977 979 5054 temporis
1005 4995 1071 5037 cum
1091 4977 1207 5058 publice

218 5147 425 5162 *sn-v·—

244 5252 274 5320 *1
291 5251 375 5318 „Sub
390 5267 505 5304 coenam
522 5249 595 5303 seuit
611 5269 646 5306 ιιι.
661 5249 979 5324 AlhertusChrislisuns,
996 5253 1135 5326 Superint.
1146 5257 1203 5311 Go-

279 5322 363 5444 Ι1151111515
377 5318 545 5440 63115515,
562 5319 596 5374 ab
617 5315 717 5376 illustri
735 5321 864 5396 Principe
878 5321 1073 5396 Woligango,
1090 5326 1125 5379 ab
1142 5330 1199 5384 Λιι-

298 5409 312 5442 5
347 5407 397 5442 mss
432 5407 452 5442 s.

246 5492 299 5564 ss)
321 5489 491 5546 desideratur
503 5490 634 5553 verbum,
653 5501 684 5547 ut
705 5495 818 5564 5511151,
835 5493 1019 5569 proferam,
1042 5497 1086 5560 tel
1102 5497 1201 5569 simile,

1339 3699 1415 3762 viss.
1437 3697 1612 3761 Ecclesiae
1627 3698 1755 3764 Christi
1774 3722 1909 3766 causans
1930 3712 2159 3787 5555555515.

1255 3817 1419 3894 Salutem
1440 3836 1619 3898 1151555555
1640 3840 1670 3896 15
1692 3840 1807 3900 domiuo
1825 3841 1928 3903 frater.
1972 3845 2034 3906 1155
2055 3865 2142 3908 mane
2162 3850 2255 3914 5ιὶ555

1254 3923 1372 4000 proprio
1393 3922 1497 3980 nuncio
1518 3941 1553 3982 ac
1573 3923 1665 3982 literis
1686 3925 1890 4004 iudicauimus,
1919 3947 1973 3988 nos
1992 3931 2050 3990 1515
2071 3951 2172 3993 omnes
2193 3937 2255 3996 ad-

1255 4025 1318 4066 esse
1339 4016 1371 4064 et
1392 4016 1551 4083 expectare
1571 4009 1648 4088 pianr
1669 4029 1703 4070 ac
1724 4013 1882 4072 salutarem
1903 4015 2055 4076 achonem.
2098 4019 2186 4088 Quod
2208 4022 2255 4084 de

1254 4109 1334 4149 mora
1361 4092 1477 4166 scribis,
1505 4109 1658 4170 veremur,
1687 4114 1725 4156 nc
1754 4097 1824 4176 quid
1852 4109 1949 4160 nostro
1970 4103 2087 4180 negotio
2108 4105 2178 4164 mali
2199 4125 2254 4166 as-

1255 4178 1360 4251 suerit,
1389 4179 1611 4254 suggerentibus
1640 4182 1716 4240 tnala
1743 4183 1862 4241 consilia
1889 4188 2089 4248 susurronibus
2110 4199 2141 4248 et
2162 4193 2254 4254 mulis

1255 4261 1472 4321 consultoribus.
1516 4263 1604 4332 Quod
1624 4283 1674 4324 ros
1696 4266 1789 4326 dicitis
1810 4278 1890 4328 recta
1912 4287 2015 4330 causae
2036 4273 2169 4350 iugulum
2188 4295 2255 4354 pe-

1256 4348 1372 4422 tituros,
1399 4347 1430 4404 id
1458 4347 1547 4425 plane
1574 4350 1745 4428 probamus,
1773 4353 1814 4410 ita
1834 4355 1960 4432 seilicet,
1986 4366 2020 4416 51
2046 4375 2106 4416 555
2133 4370 2255 4424 tantum

1255 4435 1349 4490 miuus
1370 4434 1533 4492 necessaria
1553 4437 1748 4511 postponatis,
1775 4437 1828 4496 sed
1855 4440 1943 4498 etiam
1964 4442 2003 4501 de
2024 4443 2156 4504 tollenda
2176 4465 2256 4510 vera

1255 4517 1402 4598 curatione
1423 4519 1500 4576 male
1521 4520 1584 4576 sani
1606 4519 1729 4578 solerter
1743 4519 1798 4601 *),
1825 4535 1858 4580 ut
1884 4525 2010 4602 peritos,
2038 4527 2167 4592 1155555
2188 4551 2255 4598 unm

1255 4605 1374 4662 nimium
1394 4603 1582 4681 indulgentes
1596 4604 1723 4664 medicos
1736 4605 1840 4683 decet,
1860 4611 2004 4687 cogitetis.
2047 4613 2155 4676 Totum
2167 4621 2253 4678 enim

1254 4689 1332 4748 istud
1357 4687 1467 4746 malum
1493 4707 1553 4748 555
1581 4699 1695 4748 tanturn
1723 4692 1814 4750 oritur
1842 4712 1881 4752 ex
1902 4697 2048 4756 erroribus
2069 4700 2105 4758 ab
2124 4701 2253 4764 15151151

1255 4793 1309 4853 per
1330 4773 1495 4851 adiaphora
1521 4773 1553 4832 in
1580 4773 1710 4834 Ecclesia
1729 4777 1785 4838 Dei
1814 4779 1935 4856 sparsis,
1962 4780 2124 4844 sedetiam
2151 4787 2184 4844 in
2212 4807 2255 4849 eu

1254 4858 1510 4936 comprehenditur
1531 4877 1566 4918 ae
1586 4859 1724 4920 5551111111.
1774 4863 1873 4932 Quare
1899 4865 1998 4926 videte
2025 4868 2132 4928 iterum
2158 4882 2255 4950 atque

1254 4945 1376 5018 iterum,
1397 4952 1430 5000 nt
1450 4943 1481 5002 id
1501 4943 1633 5021 iugulum
1654 4955 1735 5008 recte
1755 4948 1907 5028 iuguletis,
1936 4951 1966 5008 id
1987 4961 2032 5012 est
2052 4954 2101 5031 pia
2121 4973 2156 5015 ac
2177 4977 2254 5018 uera

1255 5031 1366 5088 ratione
1388 5045 1502 5086 errores
1524 5029 1647 5106 tollatis,
1676 5042 1709 5090 ut
1735 5051 1795 5092 non
1822 5044 1935 5094 tanturn
1954 5035 2018 5094 Deo
2044 5057 2079 5096 ac
2099 5048 2251 5118 praesenti

1254 5114 1356 5188 aetati,
1384 5111 1437 5172 sed
1465 5123 1497 5172 et
1523 5113 1575 5172 toti
1596 5117 1759 5194 posteritati
1780 5117 1873 5176 solide
1893 5119 2056 5180 consulatis.
2107 5125 2253 5188 Dominus

1364 5259 1417 5272 *-

1288 5362 1314 5430 1)
1334 5357 1402 5418 Coo.
1422 5361 1494 5420 Galli
1509 5363 1530 5424 l.
1548 5363 1642 5424 hahetc
1669 5367 1839 5432 malefonti
1855 5371 1997 5440 solenter,
2036 5391 2085 5429 uae
2098 5375 2252 5434 manifeste

1323 5433 1456 5556 ffissd⁰⁸³
1478 5447 1558 5506 snut,
1577 5446 1619 5510 et,
1635 5445 1666 5492 ut
1680 5436 1802 5506 ridetur,
1824 5438 1864 5496 sic
1884 5441 2012 5512 corrigar
2032 5461 2064 5514 5,
2081 5443 2121 5499 511
2142 5462 2174 5501 55
2195 5447 2249 5502 dc-

1388 5521 1422 5562 ι,

1425 5263 1482 5272 ,αι-ι
