4722 6198
781 297 1213 380 urrsrouanuu
1265 300 1373 382 ern.
1405 301 1507 378 aur.
1560 277 1696 387 raas.

220 319 298 396 20³
2183 325 2261 394 204

226 515 300 566 ase
313 491 446 563 donata
461 487 520 560 vel
535 495 588 560 αι’
599 495 698 579 parte
714 482 772 552 vel
791 481 953 575 penitus,
981 503 1097 577 neque
1122 478 1216 552 enim
1267 500 1324 551 res
1338 501 1463 574 operas
1478 503 1559 553 suas
1576 482 1758 559 conterant
1778 499 1810 558 et
1829 487 2063 582 coniungant,
2089 491 2203 565 veluti
2220 495 2257 561 in

226 598 383 690 patietur
403 615 508 664 mum
525 583 842 680 Adiaphorismum
868 609 943 657 esse
962 605 1110 680 prorsus
1134 583 1219 654 irri-
1269 583 1450 654 communi
1475 589 1630 679 quodam
1656 587 1833 660 incendio.
1892 590 1983 663 Nam
2014 607 2049 664 et
2069 619 2262 666 commune.

229 717 325 772 mm·
360 695 453 768 alius
472 687 568 764 nihil
594 689 742 760 illorum
765 689 958 762 concedere
982 689 1095 773 volet3
1129 685 1222 756 alius
1270 683 1469 776 pericnlum
1485 702 1536 761 est
1560 689 1729 760 omnibus
1745 692 1899 763 ecclesiis
1920 695 2058 790 totique
2072 701 2260 768 communi

231 751 516 882 iran’atamabir,
539 791 674 886 Papam
697 813 772 862 csse
787 786 1052 863 Antichristum
1075 802 1111 862 et
1131 785 1222 882 Epi·
1272 781 1456 874 thesauro,
1481 811 1609 882 nempe
1623 792 1764 864 veritati
1779 794 1941 880 coelesti,
1968 811 2002 869 ct
2015 798 2151 892 ubique
2163 799 2264 870 idem

230 927 356 996 scopos
368 900 446 972 eins
461 895 640 981 mernhra;
665 893 757 966 alius
777 917 856 964 euru
874 917 940 987 pro
956 915 1122 986 supremo
1147 889 1223 984 epi·
1270 883 1437 961 Christus
1458 904 1531 976 est,
1566 891 1667 966 cuius
1699 919 1822 966 omnes
1846 899 2007 970 membra
2039 914 2101 971 aut
2126 923 2265 985 sumus,

232 1004 465 1099 scuposam,
486 1012 523 1071 et
545 995 721 1093 episcopis
742 995 1026 1068 iurisdictionem
1048 993 1222 1066 redditam

232 1109 340 1180 votet.
519 1114 523 1120 ’

336 1237 459 1329 Quare
472 1235 699 1308 manifestum
723 1247 795 1320 est,
821 1245 1014 1306 extremam
1035 1227 1225 1301 necessita-

233 1362 306 1416 tem
321 1340 499 1432 flagitare,
524 1351 565 1410 ut
578 1339 695 1430 primo
715 1359 857 1430 quoque
879 1350 1040 1427 tempore
1064 1346 1137 1404 tota
1158 1333 1224 1402 ista

234 1441 484 1519 lntesimistica
508 1441 607 1510 lerna
630 1439 807 1509 malorum
837 1461 878 1507 ex
902 1437 1046 1508 ecclesia
1072 1433 1140 1504 Dei
1165 1457 1224 1503 ex-

234 1549 419 1642 plodatur,
452 1565 672 1637 quaequam
699 1553 790 1611 tetra
817 1542 864 1610 sit
887 1539 963 1609 eius
985 1551 1110 1610 auctor
1131 1531 1226 1605 hisce

234 1649 396 1722 versibus
412 1642 552 1719 Ratisb.
566 1644 605 1713 iu
621 1640 786 1715 Comitiis
808 1643 894 1710 arani
913 1637 1024 1715 1541.
1048 1637 1227 1730 expressit,

234 1779 316 1825 curn
341 1749 465 1821 itidem
493 1739 789 1839 adiaphoristicae
810 1743 1076 1815 conciliationes
1099 1762 1226 1829 magno

233 1854 354 1928 studio
367 1861 522 1922 tentatae
536 1861 637 1918 sunt:

320 1980 485 2046 meminisse
505 1977 604 2038 Duces
623 1974 760 2036 fallacem
781 1975 904 2054 pingere
925 1975 1060 2052 Hyenam
1081 1973 1174 2058 etc')

236 2102 405 2178 Secundo
426 2119 525 2166 nnnc
548 2093 843 2182 sacramentarii,
876 2093 1168 2166 Sueuclaieldiani
1194 2107 1228 2164 et

236 2202 486 2278 Osiandristae
503 2199 623 2268 denuo
645 2195 884 2280 invalescunt,
909 2198 992 2291 quia
1009 2197 1111 2290 pauci
1128 2197 1228 2266 inva-

235 2307 456 2396 lidioresque
470 2299 521 2370 eis
538 2298 734 2384 obsistunt,
759 2321 849 2392 qnos
871 2297 943 2368 iarn
960 2301 1146 2370 damnatos
1172 2321 1229 2368 er-

238 2407 338 2481 ro'res
353 2413 534 2500 oporteret
547 2401 617 2472 iam
632 2413 710 2471 tum
724 2395 850 2484 isthic,
876 2414 952 2470 turn
976 2402 1064 2472 alias
1087 2425 1108 2472 a
1126 2401 1229 2472 vobis

239 2529 275 2586 et
289 2509 370 2582 aliis
391 2503 598 2578 doctoribus
612 2525 698 2572 voce
721 2516 757 2574 et
768 2501 909 2594 scriptis
928 2503 1147 2575 unanimiter
1165 2505 1230 2574 de-

238 2613 358 2685 mnari
383 2633 423 2679 ac
445 2604 614 2696 refutari,
646 2602 783 2698 alioqui
804 2619 921 2676 actum
944 2605 1049 2677 nobis
1073 2605 1229 2697 profecto

239 2714 343 2790 brevi
359 2714 404 2782 cle
419 2707 574 2802 puritate
589 2706 771 2779 doctrinae
788 2706 864 2782 erit.
897 2701 1144 2778 Osiandristae
1159 2708 1229 2777 iam

240 2817 312 2892 hoc
325 2836 420 2886 anno
428 2822 583 2905 quatuor
597 2807 725 2900 scripta
737 2832 802 2900 pro
817 2832 881 2880 suo
896 2832 1016 2880 errore
1031 2809 1231 2882 ediderunt.

242 2920 335 2994 Cum
350 2937 432 3006 erga
445 2909 640 2984 adversarii
662 2910 821 2982 veritatis
846 2911 884 2982 in
899 2912 1152 3004 promovendis
1174 2935 1231 2981 er-

242 3020 387 3094 roribus
408 3030 481 3088 tam
501 3013 682 3097 ferveant,
714 3013 906 3083 videndum
939 3015 1094 3107 proiecto
1125 3013 1231 3086 nohis

244 3143 388 3217 quoque
410 3118 538 3187 iterum
565 3125 671 3208 atque
688 3114 815 3186 iterum
833 3115 922 3202 erit,
942 3131 984 3190 ut
998 3117 1143 3188 tandem
1170 3135 1230 3185 ex-

242 3225 493 3319 pergiscamur.
544 3213 636 3286 Nam
653 3215 737 3286 istae
754 3231 823 3288 tres
838 3233 949 3290 sectae
962 3219 1093 3290 multos
1105 3231 1139 3288 et
1153 3242 1230 3288 ma-

246 3341 495 3415 gnoserrores
517 3317 820 3410 complectuntur,
845 3334 969 3394 secum¹
986 3325 1025 3391 in
1048 3320 1230 3392 ecclesiam

245 3421 435 3500 invehunt.

352 3559 479 3631 Tertio
502 3573 652 3655 quantas
673 3558 795 3630 turbas
808 3560 886 3641 det,
912 3581 1088 3652 quamque
1109 3557 1233 3651 perni-

249 3669 380 3738 ciosam
396 3663 631 3754 corruptelam
652 3660 824 3751 gratuitae
845 3659 1104 3729 iustificationis
1132 3661 1169 3729 in
1196 3683 1232 3730 se

250 3768 431 3838 contineat
453 3759 703 3836 Maiorismus
723 3765 767 3833 de
789 3761 993 3832 necessitate
1014 3787 1162 3854 operum
1187 3765 1232 3832 ad

250 3872 418 3952 salutern,
451 3868 564 3938 nostis
596 3889 735 3949 omnes3
762 3872 824 3957 qui
859 3864 1004 3956 quidem
1032 3887 1131 3934 error
1163 3864 1233 3962 iam

250 3973 337 4042 olim
365 3973 555 4041 damnatus
584 3993 603 4038 a
633 3962 793 4038 Luthero
824 3965 903 4058 piae
929 3967 1121 4036 memoriae
1147 3991 1234 4036 aca

251 4087 327 4144 tota
351 4065 472 4143 schola
497 4091 537 4140 ac
557 4068 702 4145 ecclesia
722 4065 1009 4156 Witebergensi,
1042 4091 1147 4161 quam
1171 4069 1235 4138 da-

252 4175 473 4246 mnationem
505 4185 540 4242 et
567 4171 658 4241 aliae
682 4169 846 4239 ecclesiae
878 4180 990 4237 ratam
1022 4165 1235 4244 habuerunt.

253 4275 375 4366 Quare
389 4275 583 4344 videndum
599 4271 747 4342 omnino
769 4283 878 4350 esset,
903 4283 945 4340 ut
966 4293 1007 4338 ex
1030 4271 1092 4342 ille
1112 4267 1237 4342 haere-

255 4382 302 4450 sis
315 4376 501 4449 manifeste
516 4399 557 4444 ex
570 4387 644 4446 tota
659 4370 728 4444 Dei
736 4372 880 4443 ecclesia
897 4372 1090 4447 tolleretur.
1132 4371 1238 4444 Alio-

255 4481 367 4574 quisi
391 4480 425 4550 ei
445 4479 494 4548 sis
517 4477 670 4547 liberum
701 4474 769 4545 erit
801 4473 951 4564 grassari
974 4473 1013 4541 in
1036 4489 1136 4546 coetu
1158 4474 1238 4560 Dei,

255 4583 423 4671 cogitate,
456 4601 627 4676 quorsum
651 4601 706 4648 res
738 4601 777 4646 ac
801 4575 924 4666 religio
951 4589 1071 4648 nostra
1094 4583 1238 4650 tandem

254 4688 448 4754 deventura
464 4681 521 4754 sit.

358 4831 495 4922 erarto
521 4829 669 4900 omnino
694 4823 762 4898 hoc
782 4846 944 4922 apparet,
970 4845 1159 4902 extremam
1184 4858 1241 4902 ec-

257 4939 382 5008 clesiae
396 4934 636 5006 necessitatem
652 4929 828 5020 flagitare,
848 4946 888 4999 nt
905 4927 1048 5024 posthac
1064 4947 1142 5002 tum·
1155 4959 1242 5004 con-

258 5056 312 5110 tra
337 5051 478 5118 exortos
500 5055 655 5114 errores,
683 5047 758 5102 mm
782 5046 906 5103 contra
932 5033 1021 5104 alios
1045 5037 1243 5108 exoritnros

260 5167 333 5212 non
352 5141 466 5212 solum
483 5158 606 5207 ornnes
621 5131 671 5228 pii
693 5157 823 5228 preces,
840 5135 897 5204 sed
916 5135 1022 5206 etiam
1039 5139 1105 5230 ipsi
1117 5140 1243 5210 docto-

257 5309 480 5340 ‘nn—*0¹¹⁶*-

295 5431 325 5496 ιι)
344 5425 473 5510 sequitur
491 5439 601 5478 armen
624 5419 656 5474 de
679 5417 791 5490 Hyrca,
815 5422 886 5490 quod
907 5418 952 5477 bic
969 5425 1243 5492 praetermittendum

328 5510 491 5572 potavimus.

1271 1003 1336 1062 aut
1359 1003 1452 1062 certe
1478 1013 1552 1062 esse
1573 994 1799 1083 deberemus,
1826 999 1996 1094 cuiusque
2019 1002 2170 1092 gloriam
2196 1027 2266 1074 an-

1272 1114 1372 1183 gere,
1398 1093 1570 1187 ampliare
1589 1111 1624 1170 et
1643 1121 1842 1193 repugnare
1856 1124 1978 1174 severo
1999 1100 2068 1174 Dei
2089 1107 2264 1178 mandato

1273 1194 1484 1286 obligamur.

1376 1294 1582 1370 Videndum
1597 1323 1679 1391 ergo
1700 1304 1848 1375 omnino
1865 1321 1935 1397 est,
1963 1321 2003 1378 ut
2025 1321 2118 1379 certa
2140 1309 2266 1404 aliqua

1273 1397 1365 1470 ratio
1391 1398 1552 1480 ineatur,
1586 1406 1768 1496 quomodo
1791 1429 1929 1500 semper
1959 1409 2141 1482 incidente
2165 1415 2265 1503 peri-

1275 1503 1355 1572 culo
1375 1501 1556 1572 communi
1574 1504 1724 1576 consilio
1741 1520 1775 1576 et
1789 1509 1922 1580 arrxilio
1940 1510 2067 1582 veritas
2090 1514 2265 1584 defenda-

1276 1617 1352 1687 tur,
1384 1616 1418 1673 et
1449 1603 1525 1674 eius
1556 1607 1768 1693 adversarii,
1799 1611 2003 1706 quicunqne
2025 1617 2172 1686 tandem
2210 1619 2265 1685 illi

1276 1704 1446 1791 existant,
1485 1729 1551 1800 pro
1581 1711 1830 1782 communibus
1859 1709 2021 1784 hostibus
2051 1711 2265 1792 habeantur.

1276 1805 1382 1878 Forte
1394 1807 1483 1878 utile
1501 1823 1590 1880 esset
1606 1811 1792 1899 constitui,
1812 1828 1854 1886 ut
1867 1839 2006 1908 semper
2020 1820 2265 1890 exorientibus

1277 1909 1458 1980 erroribus
1488 1932 1611 1982 omnes
1635 1913 1800 1986 eeclesiae
1824 1939 1904 1988 suas
1927 1919 2167 1990 consessiones
2199 1947 2265 2014 pn·

1277 2009 1368 2082 blice
1398 2023 1520 2082 contra
1552 2030 1793 2106 opponerent,
1829 2032 1870 2090 ut
1905 2043 2096 2093 consensus
2130 2037 2267 2095 extaret

1276 2113 1510 2208 omniumque
1543 2140 1629 2186 voce
1660 2141 1760 2190 error
1790 2122 2039 2194 retunderetur
2062 2148 2103 2196 ac
2133 2127 2265 2196 veritas

1277 2215 1555 2293 confirmaretur.
1605 2211 1754 2315 Alioqui
1777 2221 1808 2290 si
1832 2221 1882 2293 sic
1904 2220 2051 2316 posthac
2073 2227 2111 2296 in
2128 2231 2267 2318 gravis-

1277 2315 1375 2388 simis
1392 2317 1615 2412 publicisque
1632 2323 1882 2394 certaminibus
1903 2349 1997 2398 unus
2021 2343 2082 2400 aut
2097 2329 2187 2402 alter
2200 2335 2265 2401 dc-

1277 2433 1414 2490 certans
1442 2420 1646 2512 praesertim
1672 2447 1714 2493 ex
1744 2424 2036 2498 imbecillioribus
2071 2421 2262 2516 deseretur,

1278 2521 1339 2592 alii
1374 2544 1458 2591 vero
1491 2521 1597 2592 otiosi
1631 2527 1856 2616 spectabunt,
1889 2544 1951 2600 aut
1985 2532 2090 2602 etiam
2119 2534 2259 2602 molesti

1278 2636 1404 2709 erunt,
1431 2625 1518 2693 dum
1545 2624 1615 2694 iarn
1638 2621 1724 2712 hoc,
1750 2627 1819 2698 iam
1842 2630 1941 2700 aliud
1965 2646 2132 2726 carpunt,
2154 2635 2263 2704 dicti·

1278 2737 1409 2796 tentes:
1435 2719 1503 2795 hoc
1526 2726 1677 2796 nimium
1701 2753 1881 2822 asperum,
1907 2731 2002 2803 istud
2024 2736 2131 2804 nimis
2152 2750 2264 2806 tema-

1278 2825 1412 2897 rarium
1434 2840 1496 2896 aut
1518 2831 1729 2920 superbum,
1764 2831 1853 2902 illud
1881 2833 2028 2906 nimium
2055 2841 2163 2922 made,
2199 2836 2268 2908 hnc

1279 2929 1328 3000 sic
1351 2928 1423 2998 dici
1444 2929 1545 3020 agive
1560 2931 1728 3018 debehat,
1756 2934 1846 3003 illud
1866 2935 1982 3007 aliter:
2009 2939 2079 3024 sic,
2105 2938 2268 3035 inquam,

1280 3031 1310 3100 si
1333 3025 1479 3124 posthac
1501 3033 1578 3112 liet,
1607 3057 1680 3103 non
1700 3036 1803 3105 video
1820 3059 1910 3130 quae
1928 3039 1984 3107 vel
1999 3042 2205 3112 coniunctio
2225 3047 2267 3114 sit

1281 3133 1320 3203 in
1342 3133 1485 3203 ecclesia
1511 3135 1650 3220 lutura,
1694 3139 1750 3207 vel
1773 3139 1854 3232 quis
1878 3163 1916 3208 se
1939 3141 2106 3234 periculis
2131 3144 2179 3215 sit
2202 3171 2267 3238 pro

1281 3234 1461 3306 communi
1477 3235 1590 3307 salute
1603 3239 1843 3330 expositurus,
1859 3242 1914 3310 vel
1930 3267 2037 3335 quam
2052 3247 2200 3318 tandem
2215 3249 2268 3314 vi-

1282 3335 1429 3408 ctoriam
1452 3335 1563 3407 simus
1589 3355 1713 3410 contra
1736 3345 1936 3412 seductores
1948 3344 2151 3432 obtenturi,
2179 3351 2267 3442 quin

1282 3439 1402 3532 potius
1415 3451 1509 3508 certo
1532 3440 1661 3511 certius
1685 3457 1756 3528 est,
1780 3467 1845 3514 nos
1866 3445 1967 3515 brevi
1988 3461 2098 3518 totam
2123 3450 2270 3542 religio-

1283 3563 1365 3610 nem
1381 3561 1571 3611 amassuros
1589 3565 1674 3618 esse.

1386 3638 1524 3730 Quinto
1553 3647 1599 3714 ad
1628 3649 1905 3718 conservandam
1933 3651 2114 3722 veritatem
2142 3677 2272 3745 puram

1284 3767 1323 3814 ac
1338 3743 1494 3814 illaesam
1511 3749 1729 3827 cavendum,
1756 3769 1802 3816 ne
1819 3751 1924 3820 nohis
1937 3753 2037 3846 quasi
2057 3755 2273 3830 dormienti-

1285 3848 1351 3915 bus
1373 3846 1510 3916 aizania
1533 3847 1571 3916 in
1597 3849 1727 3919 bonam
1755 3850 1893 3922 domini
1915 3870 2105 3926 sementem
2125 3857 2275 3950 irrepat,

1285 3961 1326 4018 nt
1346 3947 1433 4016 olim
1455 3963 1535 4040 post
1558 3951 1799 4042 apostolorum
1823 3967 1983 4048 tempora
2006 3957 2152 4042 accidit,
2180 3985 2275 4054 qun-

1287 4049 1384 4118 niam
1395 4061 1450 4120 tot
1464 4049 1616 4122 subinde
1631 4053 1781 4146 scripte,
1807 4079 1880 4126 non
1895 4057 2066 4150 polemico
2085 4061 2273 4134 veritatem

1288 4151 1549 4244 propugnantia
1564 4168 1688 4226 contra
1709 4179 1845 4226 errores
1859 4171 1893 4228 et
1908 4161 2147 4244 adversarios,
2169 4188 2274 4257 pcae—

1288 4251 1380 4322 senti
1411 4253 1610 4325 necessitati
1643 4255 1890 4344 inservientia,
1921 4263 1983 4330 sed
2016 4263 2194 4338 didactica
2224 4283 2275 4337 tot

1288 4377 1464 4424 novarum
1480 4353 1733 4445 catechesium,
1758 4373 1813 4430 tot
1830 4362 2070 4454 postillarum,
2095 4378 2149 4437 tot
2170 4369 2275 4440 insti-

1289 4453 1488 4542 tutionum,
1516 4459 1573 4527 vel
1588 4461 1632 4530 de
1648 4461 1817 4532 omuibus
1834 4464 1889 4532 vel
1907 4464 1951 4534 'cle
1969 4465 2119 4556 singulis
2140 4472 2276 4542 articu-

1290 4559 1352 4643 lis,
1377 4572 1431 4629 tot
1455 4559 1633 4631 variarum
1656 4585 1763 4656 super
1780 4587 1894 4634 sacras
1913 4567 2033 4638 literas
2055 4589 2277 4644 commenta-

1290 4661 1449 4744 tionum,
1475 4685 1566 4756 quae
1585 4666 1725 4746 eadem,
1753 4668 1813 4735 sed
1833 4669 1940 4759 paulo
1956 4669 2059 4740 aliter
2079 4695 2187 4765 quam
2213 4676 2274 4743 alii

1291 4775 1414 4845 antea,
1449 4777 1650 4848 recantant,
1681 4768 1848 4842 eduntur.
1916 4765 2029 4841 Valde
2062 4773 2153 4842 utile
2188 4794 2278 4846 esset

1292 4863 1393 4956 quasi
1408 4861 1661 4956 inspectionem
1678 4872 1856 4962 quandam
1881 4893 1921 4942 ac
1939 4871 2114 4944 rationem
2136 4877 2178 4946 in
2202 4903 2278 4949 cer-

1293 4965 1338 5034 tis
1358 4961 1446 5033 locis
1468 4967 1637 5038 constitui
1657 4983 1733 5040 tum
1759 4973 1977 5042 edendorum
2006 4987 2080 5044 tum
2097 4978 2279 5048 editorum

1295 5065 1524 5157 scriptorum,
1552 5070 1581 5138 si
1604 5071 1695 5141 forte
1710 5098 1798 5166 quos
1816 5097 1952 5144 errores
1971 5089 2032 5146 aut
2057 5077 2195 5172 alioqui
2216 5107 2279 5173 pe-

1296 5165 1483 5237 riculosius
1498 5170 1590 5242 dicta
1607 5176 1849 5260 continerent,
1875 5191 1909 5247 et
1930 5177 1992 5246 ubi
2013 5177 2122 5268 probe
2143 5185 2282 5250 exami-

1297 5282 1378 5338 nata
1393 5286 1525 5358 essent,
1552 5274 1581 5343 si
1605 5275 1675 5345 iam
1692 5277 1785 5346 edita
1807 5290 1913 5362 sunt,
1941 5280 2121 5360 ecclesiae,
2152 5297 2193 5354 ut
2217 5309 2280 5350 ca-

1299 5393 1378 5442 vero
1401 5395 1522 5444 omnes
1544 5376 1702 5469 possint,
1724 5373 1883 5450 adhibita
1908 5395 1999 5452 certa
2023 5383 2210 5472 prudentia
2238 5409 2282 5452 ac

1299 5475 1538 5548 moderatione
1561 5478 1728 5554 indicare.
1790 5477 1830 5549 hl
1852 5482 1933 5552 licet
1953 5483 2136 5554 molestum
2165 5509 2203 5554 ac
2228 5489 2285 5552 la-
