4684 6180
229 323 303 404 599
797 288 1232 386 mtsroeaatnu
1281 297 1391 382 esa.
1423 295 1530 385 xtn
1583 301 1716 386 assa.
2174 319 2228 394 m

233 498 383 574 meritus
399 488 565 566 ridetur?
613 477 730 560 istene
750 482 852 556 cuius
867 479 1084 578 Eloquentia
1102 478 1224 550 lumen
1281 475 1463 552 Videntur
1483 479 1578 550 enim
1599 473 1856 575 Philosophiae
1880 481 2012 571 stadis,
2042 507 2126 580 quse
2138 491 2232 565 uultis

237 601 358 676 ettulit
380 597 489 668 sacris
509 591 629 677 libris,
663 589 834 683 pleraque
856 588 1021 678 dogmata
1039 583 1230 672 diligenter
1284 583 1410 654 seculis
1426 583 1682 670 conticuerant,
1707 607 1831 656 rursus
1846 587 1994 658 excitare
2003 589 2151 660 voluisse.
2180 591 2232 666 Sel

238 699 452 798 explicavit?
496 719 542 766 an
563 715 646 764 vero
669 685 818 775 Status,
857 691 939 783 qui,
981 709 1061 758 cum
1090 685 1232 755 nullum
1284 687 1315 758 si
1330 687 1382 757 ita
1398 686 1642 778 complecteris
1660 709 1739 773 eos,
1772 702 1813 760 ut
1838 684 2000 760 inchoata
2023 693 2129 762 studia
2143 694 2235 766 obsol-

241 815 371 896 dogma
391 797 601 872 illustravit,
633 793 886 884 nugacissimas
910 787 1166 882 disputationes
1194 785 1234 853 in
1285 789 1378 860 visse
1390 787 1583 874 existimes,
1616 789 1722 880 longe
1737 789 1881 862 falleris.
1934 787 2029 862 Mihi
2049 817 2235 886 veromagna

242 907 439 984 Ecclesiam
454 898 612 970 invexit?
650 897 793 969 Deinde
805 895 891 964 lacis
903 891 1117 978 inciviliter,
1139 881 1234 968 Pice,
1289 917 1329 962 ex
1345 903 1445 984 parte
1457 885 1727 984 Philosophiam
1745 895 1944 986 corrupisse
1957 893 2134 984 videntur,
2156 896 2236 992 idque

244 1013 340 1108 quod
369 1005 536 1078 Barbarie
559 1003 608 1071 ita
638 1021 780 1088 arrogas
812 1019 931 1068 rerum
960 993 1162 1072 scientiam,
1195 1001 1237 1060 ut
1287 995 1335 1064 ob
1347 989 1594 1064 hanccausam
1610 993 1814 1086 praecipue,
1840 991 2233 1090 quodhasdicendiercr·

243 1105 552 1210 praestantissimis
578 1103 730 1193 ingeniis
750 1093 905 1170 Graecis
932 1111 965 1167 et
995 1091 1146 1166 Latinis
1175 1094 1237 1162 de-
1289 1095 1474 1167 eitationes
1497 1095 1738 1186 neglexerunt.
1799 1095 1922 1192 ltaque
1944 1099 2136 1170 noneolum
2158 1123 2236 1190 genu

243 1211 382 1298 trahas,
405 1235 475 1306 qua
492 1209 530 1278 in
545 1227 672 1276 recum
686 1205 897 1274 modestiam
915 1201 1077 1270 desidero
1092 1199 1238 1286 dignam
1291 1199 1485 1279 sermonis,
1524 1211 1561 1267 et
1584 1199 1776 1269 universae
1810 1202 1994 1272 doctrinae
2024 1202 2161 1272 formam
2192 1201 2238 1294 (est

244 1309 486 1406 philosopho,
512 1325 588 1380 tum
613 1331 698 1377 vero
721 1306 827 1375 elium
843 1303 1081 1396 prudentiam.
1112 1332 1115 1342 ·
1134 1297 1239 1368 vitu·
1270 1301 1387 1392 'enim
1404 1299 1664 1393 confusissime)
1680 1296 1922 1394 reprehendo,
1954 1304 2130 1374 sedetiam
2145 1327 2240 1396 magns

238 1414 534 1524 parasquicquid
557 1409 857 1492 estdisertorum‚
887 1404 1035 1488 Po'e'tas,
1069 1398 1241 1473 Oratores
1292 1416 1451 1495 exparte
1473 1424 1529 1472 res
1552 1402 1714 1473 desidero
1735 1405 1911 1480 meliores.
1963 1403 2051 1476 Nam
2073 1423 2241 1497 cumetge·

247 1539 280 1594 et
313 1517 523 1591 Historicos.
581 1511 657 1581 Hos
690 1509 779 1580 dicis
811 1531 934 1579 omnes
961 1507 1141 1597 amplexos
1167 1523 1241 1572 esse
1293 1529 1361 1576 nus
1378 1505 1551 1574 serleonis
1565 1527 1641 1575 non
1657 1505 1913 1597 intelligerent,
1934 1521 1968 1578 et
1984 1519 2071 1578 artes
2084 1521 2242 1578 neutram·

247 1620 499 1717 Eloquentiam
522 1615 600 1684 sine
623 1613 823 1704 Sapientia,
850 1635 929 1680 cum
956 1609 1098 1702 quidem
1116 1603 1242 1676 hocad
1294 1611 1427 1678 ferrent
1449 1607 1494 1675 ad
1514 1631 1619 1676 usum
1644 1608 1819 1701 aliquem,
1853 1610 1986 1681 indicio
2011 1609 2115 1702 lapsi,
2146 1611 2244 1680 mdtas

249 1747 390 1798 causam
413 1733 510 1792 tuam
533 1712 627 1786 nihil
646 1715 849 1808 pertineret.
902 1710 1046 1780 Poteras
1062 1709 1158 1777 enim
1172 1705 1244 1775 tuis
1296 1712 1467 1780 absurdae
1489 1708 1677 1800 opinione,
1700 1727 1919 1800 genuerunt,
1950 1713 2079 1808 quibu,
2102 1713 2166 1781 pm
2185 1713 2243 1780 unq,

249 1852 370 1902 cerum
385 1821 588 1903 scientiam,
611 1818 687 1886 sine
703 1813 833 1885 horum
848 1811 1244 1914 contumeliatribuere.
1296 1835 1433 1882 versam
1456 1807 1668 1880 Aristotelis
1691 1807 1961 1905 Philosophiam
1991 1813 2125 1908 penitus
2150 1813 2245 1884 obme-

250 1933 320 2004 Sed
340 1930 389 1998 sic
404 1926 519 1996 solent
540 1917 767 2004 rhetoricari,
794 1917 856 2012 qui
871 1913 1108 2008 Eloquentiae
1128 1909 1243 1982 studia
1297 1927 1394 1987 runt.
1445 1911 1558 2006 idque
1591 1927 1767 1987 testantur
1797 1917 1907 1988 moles
1943 1917 2246 1997 commentariomn,

250 2036 466 2124 vituperant.
517 2019 677 2094 Obsecro
692 2035 743 2106 te,
776 2018 870 2089 nihil
891 2031 994 2108 putas
1012 2039 1086 2086 esse
1102 2015 1245 2106 sapien·
1298 2018 1361 2112 qui
1385 2037 1511 2106 magna
1533 2039 1575 2085 ex
1595 2029 1693 2108 parte
1706 2033 1971 2090 consumuntur
1991 2018 2030 2088 in
2046 2019 2113 2088 iliis
2126 2017 2248 2098 somniis,

251 2129 571 2208 lineiuHffltltw,
603 2118 788 2218 Virgilio,
821 2111 1147 2202 inDlmMih‘M,
1181 2105 1248 2185 Ci-
1299 2123 1343 2190 de
1359 2131 1487 2188 natura
1503 2121 1701 2205 communi,
1734 2113 2064 2207 dehecceitatibus,
2094 2119 2247 2190 dedistis·

255 2257 396 2314 cerunt,
423 2232 461 2300 in
477 2221 681 2310 H⁶t⁰d⁰l⁰‚
705 2218 839 2305 Livio,
865 2236 900 2294 ei
915 2222 1078 2305 caeteris,
1106 2219 1168 2312 qui
1183 2212 1248 2286 hus
1300 2221 1495 2305 ctionibus,
1528 2233 1562 2290 et
1582 2220 1768 2312 deprimis
1790 2235 1824 2291 et
1839 2224 2007 2294 secundis
2022 2221 2245 2296 intentionibus

255 2343 293 2410 in
316 2335 504 2408 scribendo
528 2329 657 2400 imitati
678 2327 785 2398 sunt?
834 2323 893 2396 Au
918 2349 993 2394 nou
1020 2323 1188 2392 videntur
1210 2313 1250 2388 bi
1300 2326 1345 2394 de
1359 2322 1592 2403 instantibus,
1625 2336 1660 2393 et
1675 2323 1853 2394 similibus
1866 2326 2118 2396 deliramentis.
2170 2321 2244 2390 teo

253 2443 320 2516 tibi
344 2438 463 2508 vecisse
476 2427 740 2528 philosophari,
771 2451 851 2499 cum
870 2429 925 2496 vel
949 2440 1112 2496 naturam
1129 2441 1250 2493 rerum
1301 2425 1498 2495 versiculus
1530 2438 1600 2505 est,
1638 2421 1687 2497 cd
1709 2419 1830 2519 μηδὲν
1856 2421 2079 2524 ὠφελοῦντα
2108 2419 2153 2518 μὴ
2176 2415 2242 2495 aire

257 2539 514 2636 sapientissime
527 2534 750 2617 describunt,
775 2531 833 2600 vel
847 2551 985 2600 summo
1002 2527 1152 2598 consilio
1169 2524 1252 2618 pin·
1302 2521 1438 2624 μάτην.
1480 2525 1550 2598 Sed
1567 2521 1653 2597 haec
1669 2551 1749 2598 cum
1764 2529 1838 2597 fere
1852 2531 1926 2601 sint
1938 2529 2179 2608 commentitia,
2197 2543 2240 2592 nou

257 2659 345 2738 gunt
367 2641 539 2734 imagines
561 2637 723 2706 omnium
747 2657 889 2718 rerum,
929 2653 1019 2724 quae
1040 2629 1097 2698 vel
1121 2629 1159 2696 in
1177 2625 1251 2718 pri·
1304 2631 1420 2701 solum
1444 2623 1538 2698 nihil
1559 2627 1711 2700 afferunt
1732 2629 1916 2717 utilitatis,
1948 2635 2011 2703 sed
2037 2641 2156 2702 nocent
2167 2627 2234 2704 edat

258 2764 356 2828 vata,
390 2744 449 2813 vel
469 2743 508 2810 in
533 2739 677 2832 publica
700 2737 776 2807 viia
795 2735 954 2805 accidere
969 2743 1137 2825 possunt,
1170 2751 1251 2798 cum
1305 2757 1380 2804 non
1393 2731 1529 2816 solum,
1559 2731 1642 2824 quia
1657 2733 1695 2801 in
1715 2725 1771 2802 his
1786 2731 1969 2804 discendis
1983 2731 2233 2827 temporishctan

259 2859 443 2944 praecepta
469 2859 502 2914 et
528 2841 685 2932 exempla
709 2839 803 2908 vitae
834 2859 1034 2908 aemorum
1063 2831 1252 2904 utilissima
1304 2835 1465 2905 iacienda
1486 2845 1555 2918 est,
1588 2835 1648 2904 sed
1676 2833 1801 2920 etiam,
1834 2837 1917 2930 quia
1946 2837 2080 2908 iudicia
2101 2837 2240 2925 depunu-

259 2961 488 3047 propsssslffli,
533 2965 639 3038 qul!
669 2939 820 3010 Barbari
853 2939 924 3019 tui,
968 2961 1048 3007 cum
1069 2937 1255 3016 'lixanum
1306 2952 1376 3010 tur.
1425 2934 1571 3026 Quanto
1585 2937 1694 3008 satius
1710 2951 1784 3008 erat
1798 2953 1983 3030 praecepta
1994 2936 2247 3030 simpliciterpn·

261 3065 384 3126 ulrum
401 3057 525 3148 partes
546 3040 664 3116 situel
676 3051 819 3113 sumtae
836 3036 1120 3134 distinguantur
1143 3031 1256 3106 reoli·
1306 3061 1440 3134 ponere
1456 3051 1490 3109 et
1504 3039 1707 3125 ostendere,
1735 3063 1839 3132 quem
1858 3041 1914 3111 vel
1935 3043 1976 3110 ῑῃ
1994 3037 2164 3113 iudicandi
2179 3045 2251 3102 natta·

262 3163 464 3238 terotolo,
498 3143 916 3237 ethocgenusinlinita?
952 3167 1026 3212 non
1051 3141 1145 3210 enim
1170 3139 1257 3207 libet
1308 3167 1366 3226 ra,
1399 3141 1456 3208 vel
1470 3140 1509 3209 in
1526 3141 1694 3230 negotiis,
1725 3142 2037 3230 velinmoribus,
2068 3127 2253 3214 etcouuuai

262 3259 423 3332 recitare.
475 3251 599 3341 Quid?
630 3249 725 3342 quod
750 3243 922 3317 Oratores
938 3245 1133 3314 maximum
1153 3263 1257 3310 usum
1308 3245 1380 3314 vita
1403 3265 1508 3313 usum
1530 3236 1701 3330 habeant,
1731 3247 1911 3338 mornado
1928 3271 1970 3317 ea
1994 3231 2254 3317 transtuleriutsd

265 3385 386 3432 rerum
400 3355 553 3427 afferunt
567 3355 611 3422 ad
627 3350 877 3434 scribendum,
899 3347 962 3441 qui
974 3345 1105 3416 iudicia
1123 3355 1258 3412 exercet
1310 3369 1413 3416 usum
1442 3344 1562 3436 magni
1587 3347 1755 3430 artifices,
1794 3347 1882 3440 quid
1914 3343 2003 3419 hinc
2030 3346 2164 3428 Poene,
2195 3333 2255 3430 quid

266 3479 373 3558 atque
398 3459 504 3530 acuit.
564 3453 684 3544 Quare
701 3445 970 3542 Philosophiam
996 3463 1075 3541 apte
1092 3447 1135 3516 ad
1154 3468 1258 3515 usum
1311 3443 1501 3531 Oratores,
1523 3447 1611 3541 quid
1626 3449 1688 3517 alii
1704 3431 1901 3538 magniviri
1912 3448 2146 3544 sumpserint?
2167 3441 2258 3530 Quae

267 3565 360 3638 etad
382 3581 607 3633 communem
631 3557 740 3625 vitam
765 3554 994 3626 transferunt.
1047 3549 1119 3620 Tui
1134 3543 1261 3618 Philo·
1311 3565 1388 3621 tum
1409 3549 1534 3640 flagitii
1554 3563 1622 3636 est,
1664 3551 1761 3644 quod
1795 3551 1878 3622 illae
1903 3575 2021 3645 nugae
2050 3551 2148 3622 etiam
2175 3537 2259 3613 studit

268 3663 372 3759 sophi
390 3662 569 3734 inumbra
584 3683 631 3728 ne
649 3658 793 3752 quidem
811 3656 882 3724 vim
906 3665 1191 3746 praeceptorum,
1216 3651 1261 3718 de
1313 3644 1597 3723 Mathemaltem
1620 3653 1871 3724 extinxerunt?
1920 3651 2026 3726 Nosti
2048 3653 2137 3724 esum
2156 3639 2262 3716 schoh-

268 3771 401 3864 quibus
423 3767 605 3846 rixantur,
638 3759 853 3850 intelligunt.
913 3755 984 3827 Sed
1005 3758 1152 3844 longum
1174 3764 1263 3821 esset
1313 3779 1393 3827 rum
1408 3777 1555 3828 morem.
1605 3751 1789 3826 Praeterea
1810 3755 1870 3825 vix
1885 3738 2014 3827 umbra
2029 3745 2263 3828 Machameum

269 3877 314 3944 de
348 3867 515 3941 laudibus
548 3863 790 3958 eloquentium
821 3861 1033 3950 scriptorum
1061 3857 1196 3940 dicere,
1229 3866 1264 3923 et
1315 3858 1417 3929 estin
1436 3853 1841 3948 Barbarorumscriptis.
1891 3853 2030 3930 Omnia
2054 3843 2265 3946 enimphnio·

269 3999 345 4045 nou
361 3983 413 4042 est
428 3967 673 4038 necessarium.
726 3961 845 4034 Facile
861 3963 955 4031 euim
971 3959 1123 4030 iudicari
1140 3969 1264 4049 potest,
1315 3985 1354 4030 ra
1381 3973 1486 4053 atque
1508 3959 1701 4029 illustriora
1724 3973 1809 4030 sunt
1831 3961 1927 4050 apud
1949 3955 2120 4032 Graecos.
2172 3951 2265 4038 loqu

223 4079 226 4084 ’
270 4076 453 4149 abundare
470 4093 528 4140 eos
542 4069 648 4139 rebus
662 4065 804 4158 optimis
820 4065 911 4135 etad
927 4063 1035 4134 vitam
1050 4058 1265 4144 necessariis,
1317 4062 1523 4141 excellentes
1540 4073 1661 4132 nostra
1677 4075 1789 4134 aetate
1809 4055 2078 4133 Mathematici
2089 4053 2210 4132 Graece
2227 4045 2266 4116 di·

271 4203 313 4250 ac
335 4173 486 4268 sumptis
508 4197 550 4241 ex
569 4171 686 4240 media
708 4161 951 4258 Philosophia.
1010 4161 1133 4234 Redeo
1158 4161 1266 4250 igitur
1317 4166 1487 4235 scendum
1521 4175 1754 4256 putaverunt,
1791 4177 1834 4235 ut
1866 4187 2069 4256 germanam
2103 4141 2268 4231 Ptolemaei

271 4283 316 4354 ad
330 4278 524 4360 Barbaros,
550 4273 680 4368 quibus
696 4270 858 4363 equidem
874 4291 948 4337 non
963 4259 1111 4336 detraho
1126 4263 1164 4332 in
1181 4263 1266 4336 uni·
1317 4266 1546 4349 sententiam,
1577 4266 1707 4336 deinde
1721 4281 1761 4338 ut
1777 4259 1940 4337 Graecos
1957 4268 2160 4360 interpretes
2177 4259 2207 4326 in
2219 4247 2267 4320 hoe

273 4405 415 4454 versum
437 4401 555 4448 rerum
573 4373 826 4465 cognitionem.
879 4365 932 4440 Ac
958 4367 1107 4436 minime
1127 4366 1266 4458 vitupe-
1318 4391 1445 4460 genere
1459 4367 1644 4438 consulere
1661 4382 1813 4459 possent.
1863 4367 2049 4440 Praeclare
2063 4363 2171 4459 inquit
2183 4347 2269 4427 Pluto

274 4487 407 4558 randos
423 4503 548 4552 censeo
565 4476 746 4560 Medicus,
778 4495 931 4568 quorum
947 4491 1004 4538 ars
1022 4469 1173 4538 exerceri
1191 4469 1267 4538 sine
1319 4475 1364 4542 de
1377 4462 1653 4540 Mathemalum
1670 4471 1894 4553 doctoribus,
1925 4471 2029 4542 facile
2044 4481 2106 4541 'eas
2119 4477 2200 4536 artes
2211 4473 2269 4548 per·

273 4611 402 4678 magna
417 4581 632 4678 Eloquentia
646 4591 778 4672 potest,
803 4573 941 4646 tametsi
958 4570 1078 4642 doceri
1093 4595 1111 4640 a
1127 4571 1269 4641 disertis
1320 4572 1390 4664 cipi
1402 4593 1522 4662 posse,
1546 4572 1577 4642 si
1592 4574 1906 4664 doctorcontingat
1921 4575 2090 4645 idoneus:
2116 4561 2188 4641 ἀλλ’
2204 4547 2267 4630 uili'

274 4689 413 4762 felicius
431 4699 547 4780 queat.
597 4680 738 4753 Deinde
752 4680 867 4748 fontes
882 4685 965 4745 sunt
983 4677 1074 4765 apud
1095 4667 1269 4758 Graecos,
1321 4673 1370 4748 ἄν
1386 4665 1590 4760 desidiores,
1616 4675 1647 4746 ei
1660 4669 1713 4768 μὴ
1726 4672 1815 4757 θεὸς
1829 4671 2026 4774 ὑφηγοῑτο,
2070 4671 2270 4761 Negatquen·

275 4815 342 4863 nec
364 4789 494 4884 opinor
521 4809 540 4854 a
563 4782 821 4877 posterioribus
836 4778 932 4848 vinci
949 4773 1210 4872 Hippocratem
1235 4789 1270 4846 et
1321 4801 1429 4872 mam
1442 4777 1611 4848 idoneum
1626 4778 1702 4846 fore
1717 4779 1760 4848 ed
1777 4781 2004 4863 discendnm,
2027 4775 2096 4846 nisi
2110 4771 2209 4844 Deum
2222 4755 2271 4830 ³¹5·

277 4889 482 4974 Galerium,
516 4899 578 4957 aut
598 4886 761 4958 acumine
780 4883 818 4952 in
841 4879 1077 4964 inveniendo,
1110 4877 1271 4949 antdili-
1323 4903 1427 4974 quern
1450 4881 1576 4949 ducem
1599 4874 1746 4960 babeat.
1780 4875 1847 4952 boc
1879 4896 1945 4966 est,
1979 4881 2050 4950 nisi
2076 4889 2110 4948 et
2135 4855 2271 4958 siugulni

279 4997 397 5090 geutia
411 4995 449 5064 in
468 4989 700 5083 inquirendo,
733 4997 795 5058 aut
817 4984 956 5054 ratione
981 4993 1042 5050 aut
1057 4981 1272 5073 proprietate
1323 4982 1458 5070 ingenii
1475 4981 1682 5052 dexteritate
1699 4983 1878 5072 praeditus
1901 4984 1964 5064 sit,
2001 4995 2034 5054 et
2056 4975 2271 5070 expeditausc

280 5101 319 5170 in
338 5095 557 5189 explicando.
610 5091 680 5164 Sed
698 5113 773 5160 non
789 5087 947 5179 disputas
965 5083 1107 5176 proprie
1131 5083 1175 5151 de
1191 5081 1271 5152 Me·
1324 5085 1542 5177 perspicuam
1560 5085 1712 5153 docendi
1727 5086 1900 5156 rationem
1920 5099 2047 5158 teneat,
2082 5075 2192 5152 sedin
2207 5065 2273 5136 Bu·

281 5201 381 5272 dicis.
434 5187 685 5266 Aristotelicas
706 5205 740 5263 et
763 5183 967 5276 Theologos
993 5183 1173 5266 defendis,
1205 5179 1273 5254 hos
1325 5189 1492 5257 herorum
1515 5187 1659 5277 scriptis
1679 5187 1724 5257 ita
1759 5190 2025 5280 perturbatam
2055 5173 2271 5255 consuescunt

281 5299 390 5376 habes
422 5301 460 5368 in
486 5295 640 5382 deliciis,
678 5291 807 5365 horum
842 5287 1051 5381 sapientiam
1074 5286 1271 5358 admiraris.
1325 5289 1465 5370 omnia,
1504 5301 1545 5358 ut
1578 5284 1676 5358 hunc
1708 5291 1834 5360 ducem
1868 5293 1918 5360 eis
1952 5287 2102 5360 defuisse
2132 5275 2272 5371 appareti·

282 5405 404 5498 Neque
437 5423 500 5490 ego
522 5421 580 5467 eos
608 5399 646 5466 in
669 5410 784 5468 totum
806 5391 989 5464 doctrinae
1012 5389 1116 5458 laude
1147 5388 1274 5480 spolio,
1327 5390 1446 5477 Quare
1467 5391 1686 5478 gratulamur
1706 5407 1846 5462 nostrae
1868 5393 1988 5477 aetati,
2019 5411 2086 5485 qna
2106 5377 2271 5479 quidemn

282 5507 438 5578 studium
465 5503 568 5576 etiam
593 5515 626 5572 et
651 5499 869 5570 voluntatem
893 5491 1107 5566 laudandam
1132 5511 1274 5562 censeo:
1327 5485 1480 5564 Graecis
1494 5493 1607 5564 literis
1627 5509 1660 5566 et
1676 5489 1893 5589 Elotquemia
1910 5491 2090 5570 instnacti,
2122 5503 2190 5555 cun
2211 5467 2270 5540 ¹²¹⁵·
