4754 6184
2088 297 2167 376 {⁰2

680 305 1134 400 ,nursuouannn
1162 297 1292 377 nm.
1315 261 1419 376 xruss
1473 293 1606 376 rost.

114 341 189 416 aot
301 387 306 398 ·

117 519 308 586 suaserunt
328 501 421 579 mihi
444 502 600 578 reditum
624 498 670 572 acl
694 493 839 585 Albim,
879 490 973 564 redii
995 501 1114 559 tamen
1167 489 1346 550 conventu
1360 473 1488 560 fnisse,
1518 484 1553 544 et
1576 474 1680 545 etiam
1698 471 1827 544 animis
1850 467 2160 566 pmesentiulib'n's,

116 609 183 687 seu
197 615 290 699 feto,
320 633 385 682 seu
400 609 484 705 quia
498 615 744 700 postmortem
759 597 881 672 uxoris
903 615 963 665 me
974 607 1115 662 necesse
1166 606 1212 652 ne
1228 581 1344 652 dicam
1358 575 1602 650 ferocioribus.
1656 573 1761 647 Unde
1775 576 1885 646 animi
1903 563 2159 666 tanta'iriagua‘ss

117 729 174 791 est
190 711 402 788 haeredibus
417 709 505 782 meis
519 708 659 782 tradere
678 701 1033 798 quantulumcunque
1053 701 1116 774 est,
1166 684 1311 755 nimitas
1325 682 1371 754 sit
1385 693 1484 766 orta,
1507 693 1567 764 tu,
1591 703 1647 748 me
1662 689 1816 778 tacente,
1841 677 2024 769 intelligis.
2061 675 2159 750 Con.

117 819 219 916 quod
242 817 292 888 eis
310 817 397 888 dare
417 835 577 908 possum.
632 805 705 880 Sed
721 803 826 876 exilia
849 824 943 872 nora
960 807 1115 889 expecto.
1166 789 1320 860 ditiones
1342 781 1512 878 colloquii
1539 779 1778 876 iniquissimas
1801 793 2159 876 proposueramus,

115 921 204 996 Fuit
225 919 265 990 iu
290 919 380 990 urbe
407 913 635 1006 vangionum
658 931 798 982 mecum
823 903 885 976 ille
906 915 991 976 tuns
1006 893 1115 969 disci·
1165 891 1196 962 si
1210 889 1382 962 vellemus
1398 885 1480 958 illos
1498 883 1682 956 nobiscum
1701 883 1887 972 congredi,
1914 897 2159 968 sumeremus,

118 1015 292 1120 palus*),
325 1043 432 1118 quem
456 1039 537 1090 cum
557 1013 715 1086 viderem
737 1020 931 1090 mutatum,
971 1019 1115 1094 gempns
1165 1015 1240 1062 non
1255 1015 1297 1062 cx
1310 989 1490 1062 canonicis
1505 983 1688 1080 scripturis
1698 979 1951 1076 prophetarum
1968 997 2001 1056 et
2016 996 2159 1078 aposto-

118 1123 243 1200 dimisi
257 1123 334 1196 sine
345 1120 508 1216 longiore
524 1113 776 1212 disputatione.
814 1107 888 1182 Nec
904 1106 1036 1176 mirum
1053 1112 1116 1189 est,
1166 1093 1303 1176 lorum,
1335 1093 1396 1166 sed
1418 1117 1459 1162 ex
1482 1087 1743 1194 patrumidictis
1763 1085 2020 1160 controversias
2032 1081 2161 1158 Eccle÷

118 1227 240 1322 frangi
268 1227 407 1322 animos
430 1243 573 1306 eorum,
609 1218 673 1316 qui
704 1239 778 1288 non
801 1224 885 1284 sunt
914 1201 1116 1282 confirmati
1167 1198 1238 1268 siae
1252 1196 1487 1266 aestimandas
1503 1203 1536 1262 ct
1550 1189 1813 1282 componendas
1832 1211 1923 1277 esse,
1947 1213 2055 1284 quam
2072 1211 2159 1260 con-

117 1329 305 1404 vetustatis
334 1328 491 1400 sincerae
519 1317 750 1408 testimoniis,
789 1339 872 1388 cum
896 1312 1020 1382 vident
1047 1303 1116 1376 sibi
1167 1300 1340 1371 ditionem
1356 1299 1386 1368 si
1405 1296 1543 1368 nollent
1560 1293 1735 1383 accipere,
1764 1293 2061 1384 disrumpendum
2085 1305 2160 1362 esee

99 1447 101 1452 ’
119 1459 204 1508 eum
219 1443 318 1506 tanta
339 1428 570 1500 multitudine
594 1437 628 1496 et
643 1419 807 1516 potentia·
818 1409 1117 1494 dissentientium,
1168 1401 1398 1500 colloquium,
1450 1395 1573 1469 Nostri
1587 1395 1848 1488 responderunt
1862 1393 2156 1486 negativissime.·

119 1537 196 1608 imo
220 1548 256 1608 et
272 1557 355 1606 eum
375 1533 518 1604 lortuna
534 1525 766 1622 pugnandum
782 1543 868 1592 esse.
925 1509 1116 1588 Mittotibi
1328 1567 1337 1583 ,
1415 1535 1419 1544 ·
1530 1514 1534 1520 ·
1694 1560 1702 1576 ‚
1839 1558 1848 1576 ,
1948 1558 1958 1578 ,
1995 1558 2004 1576 ·

117 1637 315 1712 formulam
332 1633 625 1728 scriptam,·cum
640 1652 683 1698 ex
697 1626 787 1698 urbe
795 1619 1024 1714 Vangionum
1041 1613 1117 1682 dis-
1270 1565 1411 1640 D⁰¹¹¹de
1426 1585 1567 1634 ΝΜ
1583 1576 1779 1654 q¹¹³⁰⁵¹¹¹¹¹¹¹
1798 1560 1864 1629 f¹¹¹¹
1881 1559 1926 1628 ab
1948 1571 2043 1652 ¹⁵¹¹⁸c
2072 1583 2159 1628 ”¹¹¹³

124 1741 329 1812 “degemus
378 1749 421 1807 up
446 1754 669 1806 mmmmm
690 1727 717 1802 s
741 1753 782 1800 ω
808 1717 930 1796 hantis
1005 1717 1118 1790 nive·
1170 1667 1397 1760 Augustanae
1414 1665 1626 1736 confessioni
1646 1657 1763 1732 adhue
1779 1660 2161 1768 omnessubseribere's

335 1791 347 1828 ’
717 1751 807 1826 Η
935 1744 1004 1814 ’q
1086 1816 1095 1833 ·
1169 1797 1267 1859 snus,
1299 1794 1413 1864 neque
1430 1791 1504 1839 eam
1523 1765 1693 1835 vellemus
1710 1763 1898 1836 reiectam?
1936 1762 2159 1853 Applaumm

120 1841 370 1914 nenatissimas
388 1835 536 1910 fabellas
549 1843 742 1930 spargunt,
774 1831 813 1898 in
838 1849 906 1922 qua
915 1871 931 1928 ‚
963 1843 1043 1892 cum
1060 1842 1119 1886 vr·
1543 1868 1553 1884 .
1641 1867 1650 1884 ‚
1777 1866 1786 1884 ,
2063 1867 2068 1878 ,
2149 1865 2160 1882 ,

121 1947 210 2018 dm
261 1952 435 2038 quanqum
457 1939 537 2032 paci
562 1936 747 2009 consulere
769 1931 864 2002 inm
885 1938 1026 1996 nomos
1043 1932 1119 1990 sm„
1171 1868 1446 1946 csttotochoro.
1485 1866 1827 1958 Derndernspecre,
1848 1865 2165 1935 ansellentnostcs

121 1997 228 2119 dean:
278 2059 314 2118 te
361 2067 408 2114 uo
434 2065 480 2113 ue
501 2063 566 2112 om
614 2049 706 2110 utet
748 2021 1119 2106 acietbonommin,
1170 1981 1340 2050 damnare
1362 1995 1489 2044 omues
1508 1983 1618 2041 sectas
1638 1969 1832 2039 contrarias
1854 1962 2160 2056 augme-conses-

234 2099 245 2134 ’
336 2069 360 2140 q
410 2068 434 2138 q
574 2093 585 2130 '
723 2057 747 2128 p
1171 2079 1289 2152 sioni?
1327 2075 1563 2147 Adfirmatum
1581 2072 1725 2166 quidem
1742 2085 1811 2156 est,
1835 2070 1896 2140 sed
1913 2068 2049 2164 analysi
2062 2070 2163 2158 lacta,

118 2147 284 2222 firmitati
300 2145 444 2218 servias.
495 2139 771 2234 Quamprimum
801 2145 908 2206 erunt
931 2139 1119 2224 tempesta-

120 2267 175 2326 tes
198 2250 379 2332 mitiores,
413 2259 529 2318 tecum
549 2241 707 2337 colloqui
730 2237 888 2323 decrevi,
928 2232 997 2304 nisi
1019 2227 1121 2324 prius

122 2353 308 2436 discedere
329 2344 414 2422 hinc
437 2369 552 2437 cogar.
605 2342 780 2414 Fortassis
800 2353 834 2414 et
857 2362 954 2410 mors
976 2357 1033 2404 me
1050 2331 1119 2402 cito

124 2457 170 2528 ad
187 2451 474 2548 tranquilliorem
489 2445 685 2520 Ecclesiam
703 2443 869 2516 dimittet.
920 2435 1003 2510 Non
1025 2433 1120 2504 enim

124 2559 208 2652 plus
224 2579 297 2626 uno
313 2577 408 2626 anno
425 2553 471 2624 ab
486 2573 527 2622 co
543 2547 775 2621 climacterico
793 2545 935 2627 absum,
963 2539 1025 2634 qui
1041 2537 1122 2628 plu-

125 2657 230 2730 rimis
246 2657 338 2727 ritae
354 2677 544 2748 corporum
558 2665 651 2721 meta
667 2661 730 2722 est.
780 2641 833 2716 Ac
847 2641 1004 2738 prolecto
1018 2639 1123 2710 avide

126 2761 227 2832 illius
243 2757 454 2830 Academiae
466 2753 626 2826 coelestis
640 2747 848 2842 sapientiam
871 2755 993 2838 expeto
1014 2753 1047 2812 et
1062 2763 1123 2810 ex-

53 2945 58 2956 ,
127 2875 251 2958 pecto,
282 2861 322 2930 in
338 2883 408 2954 qua
424 2879 542 2932 coram
558 2853 794 2949 adspiciemus
816 2873 873 2931 ea,
902 2867 994 2940 quae
1008 2865 1124 2912 maxa-

128 2989 186 3038 ms
201 2983 412 3054 cognoscere
428 2959 603 3053 cupimus.
654 2953 795 3026 inimici
811 2952 880 3020 mei
894 2950 1072 3019 iactarunt
1087 2965 1123 3013 se

132 3067 340 3162 expulsuros
365 3085 438 3134 esse
462 3083 521 3132 me
543 3083 586 3130 ex
608 3072 682 3130 tota
706 3053 914 3126 Germania.
964 3048 1125 3119 Tantum

135 3169 311 3260 potentiae
324 3187 360 3236 se
376 3159 507 3236 habere
525 3173 662 3254 putant.
719 3153 797 3247 Ego
813 3169 847 3226 et
863 3177 903 3225 er
919 3149 1125 3234 Germania,

142 3285 179 3340 st
192 3263 309 3342 eabae
324 3269 396 3340 vita
413 3267 610 3349 discedere,
634 3285 713 3333 cum
728 3257 827 3330 Deus
841 3257 952 3342 volet,
979 3275 1054 3324 non
1068 3273 1126 3320 re·
1188 3296 1192 3306 ·

139 3395 229 3450 tuso.
278 3371 351 3444 Sed
373 3381 495 3440 errant
512 3365 568 3436 illi
591 3363 809 3442 ardeliones,
841 3359 872 3430 si
899 3381 936 3428 se
959 3354 1126 3426 dominos

1171 2184 1260 2254 iacta
1278 2193 1329 2250 cst
1345 2176 1510 2248 discessio
1525 2197 1679 2270 quoque.
1731 2167 1906 2261 Tlreologi
1924 2164 1964 2240 Τ
1961 2163 2164 2265 duringia7

1172 2281 1223 2372 ri,
1257 2275 1451 2374 Morlinns
1487 2287 1519 2348 et
1548 2273 1737 2346 Erasmus
1765 2269 1959 2347 Sorrers'ses
1994 2292 2164 2362 unumne

1172 2407 1296 2458 omnes
1318 2383 1559 2466 affirmarunt,
1590 2401 1670 2448 cum
1691 2375 1781 2448 ratio
1803 2375 1886 2446 fidei
1907 2376 2167 2466 postulabatur,

1173 2511 1247 2560 sese
1266 2489 1498 2560 damnaturos
1524 2471 1851 2564 Osiandrr'smpm,
1890 2472 2164 2575 Stenrlseldia.

1174 2589 1354 2670 nisurum,
1392 2577 1742 2683 Adiaplsprs‘smnm,
1773 2573 2064 2664 Maiorismum,
2108 2581 2169 2652 iet-³

1174 2719 1242 2790 qne
1257 2693 1387 2762 lactum
1402 2690 1447 2760 ab
1465 2689 1549 2780 ipsis
1564 2701 1596 2756 ct
1612 2685 1761 2775 singulis
1776 2697 1834 2759 est
1847 2707 1927 2754 cum
1944 2683 2166 2772 indignatio-

1093 2839 1102 2860 ·
1175 2821 1221 2868 ne
1242 2795 1418 2866 sociorum
1441 2805 1663 2872 nostrorum,
1696 2800 1731 2858 et
1750 2809 1874 2858 eorum
1890 2785 1952 2879 qni
1977 2785 2072 2856 missi
2089 2788 2166 2854 scre-

1175 2911 1278 2982 runt,
1316 2909 1353 2976 nt
1388 2894 1581 2977 Adiuncti,
1631 2883 1875 2968 Collocutus-es
1910 2900 1946 2962 et
1974 2885 2174 2960 Auditores·

1175 3015 1300 3072 essent.
1352 2993 1564 3086 Allegarunt
1585 2993 1635 3064 rei
1653 2991 1934 3083 magnitudinem
1948 3003 1983 3067 et
2001 2990 2168 3081 pericula,

1176 3127 1265 3199 quac
1286 3101 1481 3172 manebunt
1495 3100 1738 3178 darnuatures,
1771 3119 1846 3175 rem
1862 3093 1961 3170 rciici
1973 3093 2169 3170 ,uoluerunt

1172 3209 1222 3310 ‘ad
1256 3205 1363 3274 aliurn
1393 3204 1589 3297 synodum,
1621 3220 1724 3295 quac,
1741 3199 1786 3271 a'd
1810 3194 1986 3270 Calendas
2017 3189 2173 3266 Gmeras

1177 3307 1375 3398 colligenda
1389 3319 1497 3391 esset,
1521 3327 1595 3374 rem
1611 3321 1776 3390 magnam
1789 3321 1883 3385 esse,
1913 3317 1987 3374 esse
2001 3297 2172 3371 differen-

1006 3457 1125 3526 ΜΕΝ
1177 3415 1280 3496 dam,
1313 3409 1395 3480 illos
1422 3429 1496 3478 non
1529 3404 1751 3478 damnandos
1774 3403 1907 3478 indicta
1931 3421 2063 3484 musa,
2089 3399 2178 3474 illos,

130 3579 257 3673 plura,
277 3574 347 3646 nisi
363 3573 511 3656 scirem,
535 3569 668 3638 multos
681 3563 844 3634 insidiari
859 3559 990 3630 nostris
1004 3555 1128 3628 literis.
1178 3511 1405 3634 ‘'f‘'‚erf‘ff‘dm
1429 3527 1677 3627 ‘1¹‚¹⁰‘i¹¹⁸·‘⁸⁸‘·
1735 3503 1882 3622 fficium
1904 3510 2020 3574 lamed
2047 3512 2099 3582 est
2113 3500 2177 3570 ino

1178 3613 1369 3696 vrtrsrllrs,
1402 3624 1436 3682 ct
1459 3612 1521 3680 slla
1544 3632 1600 3680 res
1622 3609 1668 3677 ad
1693 3607 1952 3690 praesidentem
1969 3603 2105 3690 delata,
2137 3615 2179 3674 et·

131 3673 555 3757 Beneetlelicitervale,
587 3666 801 3754 etrescrihe.
859 3659 928 3734 Die
941 3653 1126 3752 Stephani.
1178 3718 1217 3786 in
1238 3727 1314 3786 am
1336 3713 1445 3782 relata
1466 3723 1529 3786 m·
1578 3703 1644 3782 ph·
1662 3697 1905 3806 [Philippus]
1921 3703 2179 3778 ammom

635 3795 826 3894 Philippus
849 3789 1077 3870 maranum.
1179 3814 1460 3890 reluctantibus
1482 3814 1528 3884 aa
1547 3807 2015 3899 omnarunparnusmus
2031 3807 2173 3876 mssa-

1180 3919 1326 3994 tentiam
1342 3917 1523 3988 serendam
1545 3926 1670 3991 contra
1681 3933 1807 3985 omnes
1821 3923 1947 3994 sectas,
1981 3909 2077 4003 qdae
2086 3921 2173 3982 eon-1

132 4035 1123 4078 ΝΜ
1179 4037 1233 4095 tra
1255 4017 1404 4110 August
1428 4015 1695 4090 Confessionem
1716 4025 1838 4088 enatae
1860 4012 2006 4088 luerunt
2033 4005 2089 4084 his
2111 4035 2179 4084 ιιι-ς

132 4207 193 4284 qqo
220 4201 320 4282 0424
1180 4125 1255 4209 nis3
1282 4123 1343 4192 sed
1359 4116 1556 4198 Bantius,
1580 4111 1807 4188 Osiandrista
1822 4129 1948 4198 certus,
1973 4135 2036 4188 suo
2052 4127 2188 4185 auem..

140 4301 312 4336 ,ἢ

134 3473 350 3548 Germaniae
365 3467 552 3544 universae
567 3489 641 3536 esse
654 3463 865 3534 existimant.
925 3457 1002 3530 Scri

993 4192 1139 4316 Q
1182 4229 1305 4310 ritate,
1338 4223 1563 4315 improbitate
1579 4233 1613 4289 et
1627 4219 1786 4312 tumultu
1808 4218 1956 4289 retraxit
1967 4211 2186 4306 Philippum:

1182 4326 1421 4422 aproposito.
1480 4321 1602 4392 Nostri
1628 4332 1860 4412 protestantes
1890 4319 1946 4388 vel
1966 4319 2189 4408 damnantes·

1183 4429 1316 4502 exclusi
1330 4441 1413 4500 sunt
1430 4447 1513 4515 ergo
1532 4449 1551 4495 a
1568 4423 1766 4517 colloquio,
1792 4445 1873 4490 cum
1893 4432 2009 4490 tamen
2033 4417 2175 4509 publica

1184 4530 1325 4624 imperii
1347 4529 1555 4600 auctoritate
1581 4525 1725 4598 luerunt
1746 4523 1955 4593 constitutae
1977 4531 2013 4590 et
2028 4519 2177 4600 accersi-

518 4704 568 4786 Ν
718 4705 727 4724 .
1184 4651 1239 4708 tae
1261 4655 1449 4726 personae,
1481 4643 1588 4724 atque
1610 4629 1658 4698 ita
1677 4625 1789 4697 nostri
1812 4624 2047 4692 discesserunt
2065 4615 2177 4692 reid·

387 4819 395 4838 ,
567 4715 754 4824 wall?
823 4802 833 4824 ,
1104 4753 1107 4766 '
1184 4741 1285 4810 lecta.
1336 4733 1521 4806 Nescimus
1544 4753 1630 4802 num
1648 4729 1737 4798 alios
1758 4747 1841 4796 suae
1864 4723 1999 4794 farinae
2016 4718 2178 4794 homines

137 4832 209 4926 »δ’
231 4824 416 4924 (01109ῧό
439 4835 561 4934 ΨΜ
576 4809 740 4882 samm
757 4811 914 4930 “fiili''
937 4813 1137 4905 ''⁰⁸¹9““m
1186 4839 1390 4911 suffecerint
1415 4837 1453 4904 in
1479 4835 1616 4919 locum,
1657 4853 1721 4899 nec
1744 4849 1789 4897 ne
1811 4826 1949 4918 vesperi
1970 4849 2053 4898 cum
2072 4845 2177 4894 mane

379 4917 562 4994 [διώσῃ
582 4907 731 4984 ΜΨ
753 4902 862 4979 “dm
886 4960 898 4982 ⁰
1139 4939 1142 4950 '
1187 4941 1409 5013 discederent
1423 4937 1556 5022 nostri,
1588 4935 1722 5026 legatus
1736 4925 1852 5020 Papae
1869 4928 2030 5006 advenit,
2063 4926 2179 4996 credi-

137 5069 282 5158 Narrat
301 5071 469 5144 dominus
483 5057 695 5150 Sarrsries,
725 5056 886 5152 Papistas
905 5054 985 5126 istic
999 5057 1138 5128 tonilu-
1188 5060 1267 5128 mr,
1299 5043 1394 5134 quod
1410 5034 1652 5132 prohibuerit,
1683 5056 1729 5105 ne
1744 5030 1898 5124 amplius
1919 5055 2000 5102 cum
2026 5023 2179 5101 lucreti-

141 5187 236 5256 xisse
261 5181 464 5272 frequentes
492 5181 528 5240 et
558 5167 617 5235 vix
638 5185 797 5258 unquam
818 5158 1078 5253 frequentiores
1098 5159 1137 5228 ὶῃ
1190 5143 1239 5216 cis
1255 5145 1473 5214 contendent
1495 5153 1574 5232 post
1588 5159 1696 5209 unam
1719 5147 1826 5228 atque
1844 5131 1990 5203 alteram
2014 5131 2180 5202 admoni-

1192 5249 1343 5326 tionem,
1369 5245 1430 5314 sed
1448 5267 1519 5312 rem
1537 5241 1708 5333 integram
1725 5235 1840 5327 Papae
1856 5234 2071 5328 relinquant.

401 4399 621 4486 Narratio
648 4389 865 4480 Sarcers's'.

208 4577 229 4638 †
249 4569 286 4624 ἱι
302 4579 395 4638 apogr.
407 4557 437 4612 in
449 4553 521 4612 Cod.
535 4547 705 4623 Guslphsrb.
718 4548 746 4602 in
760 4547 808 4604 iol.
820 4543 907 4601 noa.
921 4543 948 4600 9.
965 4561 991 4616 p.
1005 4539 1067 4598 886.

143 5344 370 5368 ιιι-Μ

180 5451 368 5588 uqtge'talrdns
392 5443 536 5514 Segrdods
563 5437 597 5494 sel
616 5435 709 5492 sedem
729 5433 757 5490 8.
777 5429 906 5502 Artemii
923 5429 1013 5490 Brem.
1034 5431 1141 5492 Pastor.

261 5539 275 5576 ι
784 5560 788 5568 ,
1112 5544 1118 5554 .

155 5637 335 5702 Mensura.
364 5627 469 5697 Orsa.
493 5621 579 5690 Vos.
605 5617 669 5686 lx.
