4718 6176
121 287 169 356 77

118 455 185 524 Νι.
206 453 321 524 6187.
984 473 1015 530 1.
1030 463 1116 526 Febr.

127 549 300 580 Μ
977 554 1114 582 Μ·

348 655 536 740 Ninulno
562 650 627 768 ti)
659 655 889 744 Palladio.

187 833 211 902 ¹1·
230 830 267 884 Er
288 829 458 903 autographo
475 830 556 900 Mel,
584 846 706 906 quaeest
723 835 808 906 prima
825 834 954 906 epistolae
969 835 1114 910 scriptura,

224 901 253 952 in
267 899 417 953 'l'sbulario
431 897 547 954 Senatus
560 903 722 976 altenburg.
734 916 878 972 asservata,
899 904 965 958 mibi
979 905 1113 979 descripta

224 969 284 1024 ιδ’.
300 970 334 1026 V.
351 969 508 1024 censente.

116 1121 334 1198 Reverendo
364 1125 442 1196 viro
472 1121 672 1200 eruditione
699 1139 730 1206 et
756 1129 884 1215 virtute
903 1132 1116 1229 praestanti

117 1227 170 1306 D.
204 1223 473 1324 Nicolau*)
505 1223 733 1304 Palladio
765 1229 885 1304 Danu
909 1227 1112 1333 Philippus

416 1325 659 1428 Melanthum
710 1334 746 1407 S.
774 1335 819 1408 D.

121 1467 236 1552 Grata
255 1491 310 1550 est
322 1479 391 1549 deo
408 1477 518 1570 pietas
535 1491 615 1568 tua,
640 1505 709 1575 qua
726 1505 862 1553 servere
880 1497 976 1554 taxas
992 1481 1111 1554 ldolo-

122 1607 205 1652 rum
227 1577 452 1651 adorationes
475 1593 510 1651 et
530 1596 707 1654 monstras
730 1585 804 1654 veri
827 1585 883 1654 dei
909 1599 943 1656 et
971 1588 1110 1655 domini

131 1683 236 1754 nostri
258 1681 339 1752 iesu
357 1679 492 1752 Christi
515 1683 793 1776 invocationem,
825 1689 916 1758 sicut
940 1689 1109 1778 scriptum

124 1799 188 1854 est:
218 1779 470 1854 DOMlNUM
487 1785 593 1854 deum
610 1797 710 1857 tunm
727 1790 892 1858 adorabis
909 1801 944 1860 et
959 1789 1028 1881 ipsi
1042 1791 1108 1858 soli

117 1885 259 1955 servies.
319 1883 370 1955 Ut
389 1901 491 1957 antea
514 1903 739 1982 praeceptum
762 1903 815 1962 est
831 1887 1018 1982 Evangelii
1040 1891 1108 1958 mi-

116 1987 260 2074 nistris,
300 1999 343 2056 nt
369 2009 453 2056 vore
479 1990 661 2060 doctrinae
687 1992 824 2062 animos
850 1988 1036 2062 hominum
1064 1995 1108 2062 ab

115 2087 225 2159 idolis
257 2089 455 2169 abducant,
494 2114 574 2159 cum
604 2092 749 2185 quidem
779 2117 853 2163 non
878 2095 951 2164 sint
980 2095 1108 2164 armati

112 2193 207 2261 lerro
229 2203 267 2260 et
291 2191 508 2260 carceribus:
533 2193 582 2262 ita
602 2193 753 2284 politicis
769 2193 1038 2284 Magistratibus
1054 2221 1107 2265 se-

112 2293 302 2362 verissime
321 2295 611 2374 mandatumst,
639 2309 677 2366 ut
691 2319 756 2368 arro
772 2297 922 2391 quisque
935 2298 1014 2368 loco
1031 2323 1108 2366 ma·

110 2397 221 2465 nibus
245 2405 282 2464 et
305 2393 414 2463 armis
437 2395 565 2466 tollant
582 2394 740 2482 Statuas,
772 2401 816 2468 ad
833 2422 921 2494 quas
935 2399 1026 2471 fiunt
1040 2395 1105 2470 ho-

108 2499 257 2566 minurn
275 2517 469 2566 concursus
485 2509 520 2568 et
538 2494 785 2572 Invocationes
799 2513 834 2571 et
848 2502 999 2592 puniant
1012 2499 1105 2593 Sup-

108 2597 232 2690 pliciis
254 2619 446 2687 rorporum
471 2597 703 2686 insanabiles,
738 2603 801 2695 qui
825 2600 1007 2674 idolorum
1030 2605 1107 2672 cul-

110 2715 187 2768 tum
206 2697 439 2790 pertinaciter
453 2699 624 2782 retinent,
649 2716 710 2774 aut
722 2700 958 2794 blasphemias
973 2719 1105 2778 serunt.

704 285 1151 362 'EPlS'l‘OLARUM
1204 285 1316 360 LlB.
1343 287 1446 366 xttl.
1501 287 1635 368 1557.
2111 299 2159 370 ts

1172 457 1298 529 tribuit
1315 459 1410 528 enim
1426 461 1511 531 deus
1528 457 1618 532 hanc
1636 459 1866 536 honorificam
1886 467 2159 560 adpellationem

1170 559 1484 648 gubernatoribus,
1519 590 1590 635 non
1613 583 1654 638 ut
1670 568 1714 638 sit
1734 569 1851 638 inanis
1870 572 2010 654 titulus,
2039 573 2102 640 sed
2118 585 2159 640 ut

1169 684 1207 729 re
1224 685 1304 730 vera
1322 664 1393 734 sint
1408 689 1538 756 organa
1554 669 1630 751 dei,
1656 693 1741 739 vore
1757 671 1916 762 ipsorum
1934 673 2092 742 sonantis
2108 674 2159 740 le-

1168 785 1246 852 gem
1267 786 1365 833 suam
1392 781 1426 836 et
1449 791 1557 838 manu
1581 795 1701 840 eorum
1722 773 1935 843 destruentis
1959 775 2156 854 sceleratos,

1168 876 1202 932 et
1222 865 1375 935 foventis
1397 871 1613 945 obedientes.
1667 871 1762 942 Idem
1789 875 1875 944 dicit
1894 874 2076 967 Sapientia
2098 877 2157 944 dei

1166 967 1260 1058 apud
1290 965 1534 1040 Salomonem:
1590 973 1659 1043 Per
1690 972 1764 1044 ME
1793 974 1908 1066 Reges
1943 991 2093 1067 regnant
2122 991 2156 1046 et

1167 1068 1342 1160 principes
1368 1071 1456 1142 iusta
1483 1075 1715 1149 constituunt.
1766 1076 1862 1147 Haec
1878 1078 2057 1168 Sapientia
2082 1103 2156 1146 nou

1165 1183 1216 1240 est
1230 1184 1368 1241 tantum
1384 1175 1516 1243 ventris
1530 1176 1670 1265 sagina,
1692 1180 1752 1248 sed
1767 1191 1816 1250 est
1834 1182 2060 1250 monstratrix
2077 1180 2154 1248 veri

1165 1271 1240 1357 dei,
1273 1287 1392 1364 postea
1416 1277 1518 1346 docet
1540 1279 1729 1354 fovendam
1747 1303 1821 1349 esso
1838 1277 2026 1350 hominum
2042 1283 2153 1350 socie-

1165 1385 1291 1459 tatem,
1325 1389 1364 1445 ut
1385 1377 1424 1445 in
1439 1401 1477 1446 ea
1494 1381 1579 1448 deus
1593 1402 1666 1448 sese
1682 1375 1890 1452 hominibus
1905 1381 2151 1452 communicet.

1165 1473 1325 1547 Fuerunt
1354 1477 1462 1566 igitur
1492 1481 1574 1550 iusti
1605 1494 1641 1550 ot
1671 1483 1760 1570 grati
1785 1485 1851 1553 deo
1876 1485 2014 1553 labores
2039 1482 2152 1564 losue,

1165 1573 1352 1667 iosaphae,
1378 1576 1569 1666 Ezechiae,
1596 1579 1727 1663 losiae,
1754 1581 2000 1666 Constantini,
2028 1581 2152 1654 Theo-

1163 1680 1255 1748 dosii
1269 1693 1305 1750 et
1318 1682 1513 1752 multorum
1529 1685 1681 1753 aliorum
1694 1685 1834 1776 piorum
1848 1685 1988 1774 Regum
2001 1700 2036 1756 et
2052 1688 2151 1778 priu-

1162 1780 1281 1872 cipum
1303 1783 1366 1876 qui
1389 1785 1521 1875 populo
1538 1801 1824 1857 monstraverunt
1841 1789 1915 1857 veri
1931 1789 1989 1857 dei
2006 1789 2150 1857 invoca·

1163 1882 1314 1968 tionem,
1346 1889 1509 1956 ardentes
1533 1889 1607 1957 zelo
1630 1888 1769 1958 fortiter
1785 1889 1991 1960 deleverunt
2007 1888 2150 1959 Statuas

1161 1987 1206 2052 ad
1230 2009 1317 2078 quas
1338 1988 1445 2057 salsae
1471 1987 1714 2059 invocationes
1745 1990 1887 2065 fiebant.
1952 1989 1995 2061 ln
2024 1989 2149 2060 talium

1160 2083 1298 2174 Regum
1317 2083 1564 2160 honestissimo
1579 2087 1689 2160 choro
1705 2091 1808 2164 etiam
1823 2106 1937 2164 vester
1948 2089 2025 2165 Rex
2035 2079 2150 2160 Chri-

1159 2184 1307 2257 stianus
1328 2191 1366 2258 in
1389 2192 1449 2260 illa
1473 2193 1590 2261 celesti
1608 2191 1764 2264 Ecclesia
1789 2193 1828 2262 in
1850 2209 1922 2265 tota
1943 2195 2149 2266 aeternitate

1160 2303 1194 2358 et
1208 2290 1298 2358 letus
1312 2293 1377 2360 deo
1393 2293 1523 2380 gratias
1535 2307 1631 2382 aget,
1662 2319 1681 2363 a
1700 2295 1766 2384 piis
1779 2297 1967 2380 omuibus,
1989 2320 2029 2365 ac
2048 2321 2149 2388 prae-

1160 2390 1262 2481 cipue
1283 2415 1302 2460 a
1326 2394 1450 2463 vestris
1468 2391 1635 2464 Ecclesiis
1659 2397 1907 2472 celebrabitur.
1964 2395 2086 2486 Quare
2107 2409 2148 2466 ut
2251 2392 2272 2421 '

1160 2506 1219 2564 tua
1243 2490 1443 2565 adhortatio
1465 2493 1502 2564 in
1526 2492 1593 2565 hoc
1616 2498 1747 2588 scripto
1769 2500 1965 2592 alloquitur
1988 2499 2065 2590 pios
2081 2503 2148 2566 do·

1159 2607 1272 2664 ctores
1287 2589 1342 2690 ⁴⁵),
1378 2597 1426 2666 ita
1446 2598 1552 2666 velim
1568 2599 1672 2667 etiam
1689 2599 1848 2691 quolibet
1864 2601 1941 2669 loro
1955 2599 2146 2690 Magistra-

1159 2709 1215 2765 tus
1239 2699 1282 2765 de
1305 2722 1368 2767 suo
1393 2699 1508 2768 officio
1529 2701 1790 2769 commonefieri
1809 2717 1842 2772 et
1858 2700 1990 2772 Filium
2009 2701 2066 2770 dei
2081 2703 2146 2768 do-

109 2798 174 2870 Est
194 2799 297 2868 enim
314 2797 545 2888 Magistratus
559 2816 676 2873 custos
692 2806 898 2895 totiuslegis
913 2807 1103 2876 inexterna
1159 2798 1297 2868 minum
1328 2814 1488 2869 nostrum
1512 2797 1626 2869 lesum
1649 2797 1830 2871 Christum
1855 2803 2058 2872 crucifixum
2081 2825 2144 2892 pru

109 2901 324 2993 disciplina,
354 2901 534 2987 videlicet,
560 2905 695 2995 prirnae
719 2922 752 2978 a
774 2911 949 2980 secundae
964 2910 1105 2980 rabulae
1159 2901 1262 2970 nobie
1280 2913 1314 2972 et
1331 2901 1574 2971 resuscitatum
1592 2915 1666 2972 toto
1684 2918 1822 2994 pectore
1839 2929 1916 2986 oro,
1943 2917 1981 2974 ut
1996 2904 2033 2972 in
2050 2905 2145 2971 mnt-

109 2999 296 3092 Decalogi.
355 2999 408 3072 Ac
430 3006 475 3072 de
495 3005 664 3094 dignitate
686 3021 720 3080 et
740 3010 857 3080 officio
875 3008 1105 3100 Magistratus
1157 3001 1203 3070 tis
1225 3003 1521 3090 gubernatoribus
1536 3005 1703 3074 accendat
1718 3005 1873 3094 primum
1890 3027 1992 3074 verae
2012 3005 2144 3076 doctri-

110 3107 265 3176 multum
289 3098 721 3199 detrahuntquidicuut,
746 3109 1106 3202 Magistratumvelut
1159 3127 1224 3172 nee
1247 3105 1383 3190 lucem,
1415 3104 1544 3173 deinde
1567 3105 1693 3175 iustam
1720 3105 1999 3196 indignationem
2017 3120 2052 3176 et
2069 3130 2143 3174 ma-

112 3205 389 3286 srmeotarium‚
428 3219 568 3278 tantum
591 3233 740 3302 corpora
762 3225 797 3284 ot
818 3225 958 3284 ventres
979 3215 1104 3306 'populi
1157 3227 1242 3294 guas
1263 3205 1423 3276 flammas
1440 3204 1518 3275 Zeli
1539 3229 1613 3276 non
1634 3207 1795 3281 errantis.
1846 3205 1910 3278 Est
1929 3206 1968 3276 in
1994 3208 2145 3300 quibus-

116 3332 235 3378 cnrare
250 3309 395 3388 debere,
421 3307 459 3378 id
475 3321 526 3380 est
538 3323 676 3384 tantum
692 3307 821 3384 horum
839 3328 1103 3407 praeceptorum
1157 3309 1238 3375 dam
1255 3306 1420 3377 voluntas
1438 3321 1530 3378 recte
1543 3309 1715 3394 faciendi,
1740 3312 1799 3378 sed
1813 3309 2006 3380 offundunt
2020 3333 2143 3378 eorum

123 3411 296 3480 custodem
312 3431 404 3478 esse:
426 3407 508 3482 Non
523 3413 661 3484 occides
676 3415 799 3486 etNon
812 3418 998 3492 furaberis,
1025 3415 1102 3488 lmo
1156 3407 1269 3484 oculis
1289 3432 1329 3478 ac
1348 3409 1528 3480 mentibus
1548 3411 1752 3502 praestigias
1767 3407 1945 3502 Empusae
1963 3405 2143 3502 Sophisti-

122 3509 199 3582 sciat
220 3509 473 3600 Magistratus,
508 3535 546 3582 se
572 3515 745 3588 divinitus
768 3519 1007 3610 praepositum
1030 3543 1102 3590 esso
1155 3533 1233 3594 rae,
1256 3533 1303 3578 ne
1319 3512 1502 3583 veritatem
1520 3527 1667 3584 cernant
1683 3527 1716 3584 et
1732 3513 2001 3604 amplectantur.
2040 3508 2143 3581 Hanc

115 3609 482 3694 oeterishominibus,
506 3629 663 3690 utronet
677 3620 865 3710 praecipue
879 3643 1000 3690 vocem
1016 3621 1103 3711 legis
1155 3633 1318 3702 magnam
1347 3614 1580 3684 calamitatem
1610 3615 1747 3705 generis
1776 3611 1924 3686 humani
1948 3635 2070 3682 omnes
2092 3613 2142 3702 pii

110 3715 256 3785 divinae
280 3715 327 3784 de
348 3716 415 3784 deo
439 3717 535 3786 etde
552 3717 707 3791 vinculis
724 3715 1102 3808 humanaesocietatis,
1155 3712 1291 3801 intenti
1312 3714 1435 3782 d⁰¹⁰f⁰
1458 3716 1663 3805 deplorant,
1690 3717 1753 3810 (tui
1769 3716 1913 3810 quidem
1931 3714 2036 3784 etiam
2055 3714 2143 3782 38δῖ-

110 3831 142 3890 rt
153 3817 328 3888 ostendat
350 3815 540 3888 discrimen
555 3819 717 3892 iusticias
734 3835 770 3892 et
786 3822 1001 3906 iniusticiae,
1026 3824 1101 3916 pri·
1154 3813 1235 3884 duis
1255 3814 1346 3883 votis
1369 3829 1558 3906 precantur
1582 3820 1706 3902 deum,
1738 3830 1778 3886 ut
1797 3829 1941 3908 propter
1953 3816 2066 3884 filium
2086 3837 2143 3882 sa-

105 3943 207 3988 rnum
234 3941 340 4002 voce,
370 3918 501 3990 deinde
524 3933 560 3994 et
581 3923 700 4008 lactis,
733 3924 836 3996 tollat
851 3948 871 3994 e
888 3925 1005 3996 modio
1021 3948 1101 3996 reos
1155 3930 1215 3988 net
1235 3916 1392 4010 aliquos,
1423 3931 1458 3988 et
1478 3931 1518 3990 ut
1543 3912 1659 3990 hostes
1681 3918 1837 3990 veritatis
1859 3919 2047 4012 reprimat,
2080 3919 2141 4008 qni

104 4019 253 4090 sceleris
277 4033 312 4088 et
335 4033 494 4110 protegat
515 4021 643 4109 iustos,
672 4025 720 4098 sit
735 4049 814 4096 acer
831 4039 867 4100 et
881 4029 1009 4098 ardens
1024 4029 1100 4098 zelo
1153 4017 1243 4088 sicut
1266 4015 1402 4090 Anteus
1426 4015 1592 4110 Neptuno
1619 4022 1788 4113 templum
1815 4021 1975 4092 condidit
2000 4043 2040 4088 ex
2064 4043 2142 4087 cra-

104 4122 143 4192 in
168 4121 346 4194 tollendis
367 4119 626 4196 insanabilibus
649 4140 683 4200 et
708 4127 809 4200 fortis
830 4151 870 4202 ac
891 4130 1041 4219 vigilans
1062 4131 1100 4200 in
1153 4120 1224 4190 niis
1251 4119 1516 4192 interfectorum
1544 4115 1743 4216 hospitum,
1785 4123 1832 4193 3¹³
1864 4122 1923 4192 3⁵¹5
1954 4120 2078 4190 Ῑῦῑῖῡδῑ
2107 4133 2142 4188 ‘t

101 4223 340 4315 protegendis
362 4223 633 4310 obedientibus,
666 4241 700 4298 ot
716 4245 860 4320 potem„
879 4227 1017 4329 στοργὴ
1034 4235 1098 4302 ,ὼ
1152 4222 1312 4292 crudeles
1334 4221 1544 4294 mactatione
1566 4225 1704 4315 piorum
1728 4226 1794 4296 deo
1815 4222 2009 4292 sacrificare
2028 4221 2138 4322 videri

100 4325 250 4396 finiatur
270 4324 511 4396 misericordia
528 4349 608 4417 erga
624 4325 715 4402 hanc
734 4331 1001 4404 imbecilliorem
1018 4357 1100 4425 par·
1152 4323 1289 4392 volunt·
1341 4321 1496 4408 Interit,
1523 4351 1543 4392 ⁰
1564 4349 1638 4394 rem
1652 4327 1838 4408 miserem,
1868 4345 1933 4391 ¹¹⁰⁸
1951 4321 2140 4412 ipsidimi-

99 4445 176 4500 tem
202 4419 530 4516 generamina,
557 4430 721 4504 videlicet
736 4434 948 4520 modestam,
975 4449 1098 4506 etoam
1152 4447 1272 4494 camus
1289 4423 1462 4495 internos
1479 4424 1893 4508 velutCsdmeilratres,
1918 4447 2010 4501 cum,
2037 4421 2140 4512 siqua

97 4529 267 4602 suaviter
280 4529 408 4600 foveat.
459 4527 543 4600 Ideo
560 4529 597 4602 in
612 4529 754 4606 Psalmo
770 4536 905 4606 dictum
920 4549 988 4608 est:
1020 4533 1098 4626 Ego
1151 4527 1307 4596 oriretur
1328 4527 1587 4607 controversia,
1620 4528 1679 4620 pia
1702 4525 1957 4598 diiudicatione
1977 4521 2056 4594 tolli
2081 4547 2138 4591 er-

97 4633 179 4702 diri
195 4625 287 4702 Dttt
303 4629 404 4714 estis,
429 4629 467 4700 id
484 4645 547 4716 est,
574 4634 686 4704 vicem
700 4637 759 4706 dei
774 4637 987 4710 sustinentes
1005 4638 1100 4712 inter
1150 4641 1225 4698 rata
1258 4627 1448 4713 deberent,
1487 4641 1521 4697 et
1549 4628 1762 4698 sanabilium
1796 4626 1994 4694 voluntates
2016 4644 2138 4694 rursus

99 4729 293 4814 homines,
326 4744 360 4802 et
380 4755 527 4804 munera
549 4735 672 4806 divina
691 4733 916 4825 exhibentes,
947 4739 1098 4832 Sapien-
1150 4729 1331 4820 coniungi.
1382 4728 1476 4800 Sunt
1496 4729 1605 4819 igitur
1621 4728 1845 4798 eonbrsiones
1862 4721 2052 4796 horribiles
2069 4750 2138 4793 rin-

95 4837 211 4920 tiam‚
242 4832 462 4923 agnitionem
482 4835 562 4918 dei,
584 4837 775 4910 discrimen
799 4840 971 4914 virtutum
993 4855 1026 4912 et
1041 4841 1097 4910 vi·
1151 4831 1276 4925 dique,
1304 4853 1456 4924 quorum
1480 4829 1714 4900 consideratio
1739 4827 1807 4920 piis
1831 4827 2008 4919 ingentem
2035 4829 2137 4894 dolo-

95 4939 267 5018 ciorum,
301 4948 336 5004 ⁰²
351 4935 508 5006 imildae
525 4938 765 5012 defensionem
782 4965 822 5012 ac
839 4967 971 5033 pacem.
1023 4941 1098 5032 Qui
1149 4957 1224 5002 rem
1247 4933 1379 5016 adfert,
1412 4931 1664 5022 gubernatores
1679 4953 1762 4999 vero
1780 4932 1972 5000 errrsritare
1993 4929 2136 4998 deberet

93 5039 224 5106 maior
264 5031 378 5105 honos
416 5039 563 5126 cogitari
601 5051 732 5130 potest,
777 5067 883 5136 quam
917 5044 1096 5112 nominari
1150 5037 1193 5102 ad
1212 5057 1331 5104 curam
1346 5033 1496 5102 sanandi
1513 5043 1712 5102 nostrarum
1727 5027 1964 5102 Ecclesiarum
1982 5030 2138 5098 vulnera.

95 5135 260 5224 DEOS,
291 5137 330 5206 id
348 5151 420 5222 est,
451 5163 583 5230 organa
601 5155 636 5212 et
652 5141 801 5212 vicarios
816 5143 873 5212 dei
892 5168 977 5218 esso,
1029 5141 1097 5215 At.
1151 5133 1190 5204 ln
1208 5149 1303 5204 tanta
1319 5135 1523 5202 infirmitate
1538 5127 1726 5201 hominum
1742 5133 1871 5202 deinde
1886 5133 1922 5198 in
1941 5127 2004 5198 hac
2020 5129 2137 5220 ἀναρ-

1144 5233 1211 5330 χίᾳ
1237 5233 1363 5306 hurum
1383 5247 1601 5323 temporum,
1630 5247 1808 5326 postremo
1828 5247 1862 5302 et
1878 5231 1914 5304 in
1931 5227 1985 5300 his
2001 5231 2137 5300 deliciis

1152 5381 1359 5400 ..n—d

99 5315 114 5324 ⁵
132 5309 340 5322 -.-——---

129 5399 166 5460 ⁸)
191 5393 326 5450 Nicolao?
348 5423 376 5436 -
416 5395 444 5448 lu
468 5395 539 5450 libro
559 5397 632 5452 edito
647 5386 866 5458 dicitur'Petrus.
901 5397 1095 5466 Putolllelsn·

168 5463 282 5518 thoam
296 5482 326 5519 ss
341 5483 434 5520 errare
448 5465 480 5520 lu
498 5465 585 5539 prims
601 5469 735 5540 scriptura
750 5467 891 5540 scripsisse
905 5469 1031 5529 Mintur.
1183 5473 1213 5540 ¹⁸)
1233 5469 1294 5526 vid.
1308 5467 1438 5540 praelatio
1454 5467 1481 5520 in
1498 5467 1609 5522 Palladii
1624 5468 1724 5524 librum
1733 5505 1742 5535 ,
1762 5483 1829 5538 quae
1843 5465 1976 5536 sequitur.
