4718 6176
191 271 265 346 no
747 205 1194 332 ¹muscomuuu
1241 247 1350 324 ura.
1382 245 1485 326 x111.
1539 246 1674 332 eser.
2156 251 2237 325 eoo

208 441 275 518 No,
292 439 408 518 6501.
1019 429 1192 550 Q
1242 421 1414 510 consilio,
1445 423 1548 496 novit
1576 422 1671 518 ipse,
1704 423 1768 520 qui
1800 439 1852 500 est
1871 426 2035 496 cordium
2061 425 2242 516 cognitor,

199 537 411 570 w
1242 525 1433 600 Dominus.
1495 525 1616 616 Quare
1648 541 1807 601 amanter
1835 527 1943 600 simul
1972 539 2008 598 et
2029 527 2241 619 suppliciter

438 635 625 726 Flavius
647 629 713 718 ad
735 627 964 720 lonenses,
1244 655 1328 714 oro,
1347 643 1388 700 ut
1407 642 1442 701 et
1462 628 1501 699 in
1524 630 1707 700 meliorem
1729 643 1864 722 partem
1889 629 2117 721 scriptionem
2143 623 2240 700 hanc

1245 731 1420 824 accipere,
1445 743 1479 801 et
1489 733 1648 802 fraterno
1663 733 1703 801 in
1718 734 1846 803 timore
1860 728 1930 803 Dei
1943 755 2020 800 eam
2037 733 2239 821 expendere

1245 833 1372 904 velitis.
1432 831 1614 926 Scriptum
1644 847 1715 919 est,
1748 831 1863 904 Deum
1887 834 2044 903 revelare
2070 855 2111 902 ea
2131 857 2240 925 saepe

1246 933 1424 1028 parvulis,
1455 959 1545 1028 quae
1577 936 1696 1026 magni
1727 959 1803 1006 non
1838 936 1977 1019 vident,
2008 934 2138 1024 eligere
2165 958 2243 1018 eos,

1248 1037 1311 1130 qui
1325 1058 1451 1127 parum
1468 1050 1530 1106 aut
1544 1032 1639 1106 nibil
1654 1050 1755 1122 sunt,
1781 1051 1820 1108 ut
1835 1048 1899 1128 per
1918 1061 1977 1106 eos
1993 1035 2141 1126 grandia
2159 1037 2241 1106 effi-

902 1217 910 1234 ·
1174 1215 1182 1232 ‚
1249 1141 1337 1223 ciat,
1364 1151 1399 1208 et
1421 1141 1563 1208 demum
1586 1140 1792 1233 loquentem
1809 1140 1938 1209 debere
1961 1139 2156 1232 aliquando
2183 1162 2241 1207 se-

259 1223 329 1308 (Ad
342 1221 521 1342 Th⁰⁰¹⁰d⁰³
533 1213 692 1291 ¹²¹¹⁹¹¹⁸⁰³²
709 1210 927 1297 ¹⁰3⁸l⁰⁸D¹¹⁰¹³
941 1209 1056 1277 sm·
1075 1209 1199 1276 1⁰⁸¹²¹²¹³
1250 1239 1348 1310 denti
1362 1241 1481 1311 locum
1499 1242 1584 1310 dare
1600 1241 1762 1327 dicendi,
1776 1241 1807 1309 si
1824 1243 1908 1336 quid
1928 1241 1961 1309 ei
1977 1241 2067 1309 sorte
2083 1239 2243 1311 salutare
2335 1289 2337 1314 .

310 1327 457 1388 Frtderioi
474 1321 556 1402 11111·)
1250 1341 1405 1434 Spiritus
1422 1341 1459 1414 S.
1476 1343 1654 1433 suggessit.
1706 1341 1807 1430 Quae
1824 1343 1943 1412 omnia
1957 1341 2048 1412 fiunt
2071 1342 2173 1426 ideo,
2200 1357 2242 1413 ut

211 1441 378 1528 Salutem
402 1445 595 1520 aDomino
610 1441 710 1528 lesu,
736 1441 844 1511 unico
870 1439 1033 1514 omnium
1058 1439 1200 1533 piorum
1251 1443 1364 1514 virtus
1386 1437 1523 1514 Christi
1545 1457 1644 1516 tanto
1672 1446 1782 1536 magis
1805 1445 1845 1514 in
1868 1445 1941 1517 suis
1961 1444 2123 1514 testaceis
2144 1444 2241 1514 vasis

212 1568 401 1628 servatore..
453 1544 583 1620 Arnen.
636 1543 783 1616 Summa
800 1540 1201 1636 ardentissimaqueiuit
1252 1547 1424 1616 elucescat
1456 1559 1710 1641 appareatque,
1748 1547 1865 1638 ipsum
1899 1545 2015 1616 solum
2048 1569 2145 1630 esse,
2177 1546 2243 1638 qni

212 1657 278 1728 tilii
293 1653 360 1726 Dei
375 1651 547 1746 precatio,
572 1670 643 1742 qua
661 1659 795 1737 patrem
812 1645 851 1712 in
867 1643 995 1716 ultimo
1010 1667 1073 1714 suo
1089 1666 1201 1736 agone
1252 1648 1433 1718 ecclesiam
1456 1663 1555 1740 regat
1576 1674 1616 1718 ac
1639 1663 1823 1718 conservet
1853 1642 1957 1746 [per]
1971 1641 2019 1743 *)
2042 1649 2243 1718 nonnullos

214 1755 421 1848 sanguinem
439 1756 571 1825 sudans
587 1749 721 1828 oravit,
746 1743 961 1838 utApostoli
978 1746 1108 1840 aliique
1123 1758 1203 1840 post
1252 1750 1481 1843 quantumvis
1509 1751 1674 1836 eximios,
1705 1752 1838 1820 nedum
1869 1752 2031 1838 vulgares
2062 1744 2241 1820 homines.

214 1884 274 1932 eos
289 1854 495 1936 christiani,
519 1850 684 1943 inprimis
701 1861 817 1920 autem
834 1850 994 1920 doctores
1009 1873 1122 1920 unum
1145 1848 1202 1918 ins
1253 1849 1365 1923 Cuius
1385 1853 1522 1942 generis
1546 1853 1657 1924 multa
1680 1853 1836 1942 exempla
1863 1852 1900 1924 in
1919 1855 1984 1920 ista
1994 1849 2089 1922 tristi
2106 1852 2243 1924 cribra·

218 1977 271 2035 ter
288 1984 382 2040 sese,
409 1957 672 2048 concordesque
685 1951 774 2036 sint,
798 1950 978 2040 sicutipse
1000 1974 1079 2020 cum
1102 1963 1202 2042 patre
1254 1955 1352 2026 tione
1374 1955 1540 2024 ecclesiae
1560 1979 1580 2026 a
1604 1969 1719 2026 morte
1732 1947 1912 2038 Lutlteri,
1940 1953 2244 2046 piaememoriae,

218 2057 530 2135 coniunctissimus
554 2077 738 2148 unumque
758 2065 857 2124 esset.
908 2049 963 2122 Ne
984 2075 1069 2122 vero
1096 2051 1204 2122 dubi·
1253 2056 1398 2126 sirecte
1421 2081 1462 2126 ac
1486 2081 1566 2128 cum
1591 2057 1704 2127 animi
1728 2057 1967 2146 gratitudine,
1991 2067 2032 2126 ut
2058 2056 2243 2137 debemus,

217 2179 391 2256 tacemus,
418 2163 462 2230 de
477 2184 547 2256 quo
562 2153 823 2230 communionis
838 2176 966 2244 genere
988 2153 1205 2247 loqueretur,
1255 2181 1362 2250 opera
1376 2159 1595 2253 beneficique
1620 2157 1771 2230 viventis
1786 2153 1854 2228 Dei
1870 2157 2067 2249 expendere
2083 2158 2243 2228 volueri-

220 2262 581 2358 circumscriptionem
595 2272 630 2329 et
647 2257 862 2328 luculentam
884 2253 991 2327 unico
1008 2258 1117 2327 verbo
1139 2256 1204 2326 ad·
1253 2283 1351 2340 mus,
1377 2261 1709 2332 animadvertemus.
1760 2259 1843 2350 Quo
1860 2261 2006 2354 quidem
2027 2273 2187 2351 tempore
2209 2274 2243 2332 et

219 2367 319 2454 iecit,
344 2379 385 2437 nt
396 2389 509 2436 unmn
526 2362 565 2432 in
581 2359 686 2431 nobis
701 2360 792 2444 sint,
815 2370 939 2450 petens
953 2357 1146 2444 nimirum,
1163 2370 1205 2428 ut
1253 2386 1310 2432 me
1324 2361 1421 2434 Deus
1439 2363 1592 2433 invitum
1603 2362 1649 2431 in
1662 2363 1809 2434 summis
1824 2361 2093 2434 difficultatibus
2112 2385 2153 2432 ac
2173 2385 2240 2451 pe-

220 2471 378 2542 eiusdem
394 2467 469 2538 veri
484 2461 553 2534 Dei
575 2460 794 2554 cognitione,
816 2484 920 2530 verae
941 2459 1124 2550 religionis
1145 2483 1205 2530 ac·
1254 2463 1378 2534 riculis
1391 2465 1447 2534 vel
1464 2465 1637 2534 mortibus
1655 2465 1774 2556 potius
1797 2464 1959 2536 omnium
1980 2463 2128 2553 ingenue
2148 2485 2235 2532 con-

220 2571 401 2664 ceptione,
434 2567 576 2638 ardenti
600 2563 839 2647 confessione,
867 2562 1141 2653 propagatione,
1166 2584 1206 2630 ac
1255 2565 1461 2652 fidentium,
1487 2590 1568 2636 cum
1585 2566 1656 2634 iam
1673 2589 1729 2635 res
1750 2581 1890 2639 nostrae
1912 2566 2077 2636 ecclesiae
2098 2587 2137 2634 ac
2150 2564 2238 2632 reli-

222 2685 346 2744 contra
363 2672 563 2742 seductores
577 2666 800 2750 defensione,
821 2661 1206 2756 eodemdeniqueSpi·
1256 2666 1372 2756 gionis
1394 2666 1536 2758 penitus
1557 2669 1778 2760 desperatae,
1805 2668 2043 2759 comploratae
2065 2679 2100 2738 et
2121 2664 2244 2759 perdi-

220 2775 295 2846 ritu
309 2784 429 2843 sancto
454 2771 498 2841 ad
519 2767 811 2861 glorificationem
834 2765 944 2857 patris
967 2763 1127 2835 coelestis
1148 2763 1208 2832 in·
1257 2781 1331 2856 tae,
1362 2763 1585 2862 triumphum
1618 2783 1741 2858 egente
1774 2765 2018 2851 Antichristo,
2050 2791 2125 2840 esse
2144 2766 2245 2838 vide-

221 2873 498 2946 fla'mmaremur.
543 2869 654 2942 Cuius
669 2867 817 2940 unitatis
834 2879 967 2958 partem
982 2867 1207 2958 praecipuam
1257 2883 1401 2956 rentur,
1426 2871 1466 2940 in
1487 2895 1588 2941 curas
1608 2872 1856 2943 ecclesiasticas
1877 2870 2061 2964 pertraxit.
2121 2867 2245 2958 Quare

222 2977 405 3048 declarans
426 2974 558 3045 Paulus
581 2972 679 3042 iubet
697 2993 764 3041 nos
783 2970 878 3048 idem
903 2969 1034 3039 sentire
1056 2981 1091 3040 et
1112 2967 1207 3038 idern
1259 2996 1342 3043 sane
1361 2973 1583 3044 vocationem
1597 2969 1694 3042 Deus
1718 2974 1812 3066 ipse,
1837 2974 2005 3066 repressis
2019 2984 2072 3044 tot
2086 2965 2248 3040 Interim

223 3081 357 3164 dicere,
382 3091 423 3148 ut
441 3075 597 3168 primum
613 3073 745 3142 scilicet
762 3072 909 3170 eandem
925 3093 1043 3140 veram
1063 3069 1208 3160 religio·
1260 3098 1453 3168 eorumque
1493 3069 1713 3166 architectis,
1748 3075 1927 3168 totiusque
1960 3071 2177 3144 Germaniae
2207 3074 2247 3141 in

224 3205 306 3250 nem
322 3177 540 3249 unanimiter
553 3175 827 3264 amplectamur,
852 3171 1019 3266 idemque
1032 3173 1077 3242 de
1091 3195 1131 3242 ea
1145 3195 1210 3263 per
1257 3174 1432 3267 Papatum
1445 3177 1580 3245 ruentis
1596 3177 1750 3268 impetu,
1775 3201 1849 3246 non
1869 3178 2017 3247 obscure
2032 3174 2246 3266 comproba-

226 3303 349 3352 omues
365 3279 440 3350 eius
456 3292 571 3370 partes
590 3277 784 3347 secundum
800 3273 983 3345 veritatem
1006 3273 1209 3358 sentiamus,
1259 3277 1330 3358 vit,
1356 3300 1378 3348 a
1398 3299 1435 3347 se
1459 3279 1650 3372 profectam
1671 3300 1755 3348 csse.
1812 3277 1895 3348 Non
1919 3279 2014 3348 enim
2037 3289 2154 3368 potest
2176 3277 2246 3346 sibi

227 3397 262 3459 et
277 3395 396 3474 postea
410 3379 514 3450 etiam
531 3379 625 3450 idem
641 3379 848 3462 doceamus,
873 3376 1100 3460 confitemur,
1123 3397 1209 3464 pro-
1259 3373 1367 3450 homo
1381 3403 1518 3449 sumere
1535 3382 1743 3474 quicquam,
1765 3379 1835 3449 nisi
1850 3383 1973 3450 datum
1996 3379 2028 3449 ei
2048 3379 2158 3448 suerit
2181 3379 2245 3448 de-

227 3506 413 3577 pagemus,
447 3505 487 3550 ac
509 3483 619 3550 verbo
642 3480 717 3549 eius
743 3491 866 3548 contra
898 3501 1021 3548 omnes
1051 3477 1209 3550 veritatis
1259 3503 1375 3578 super.
1426 3478 1547 3569 Quare
1560 3505 1605 3550 ne
1619 3481 1689 3549 iam
1709 3483 1854 3574 quidem
1879 3505 2020 3564 omnem
2041 3501 2164 3550 curam
2184 3503 2247 3550 ve-

182 3583 186 3586 ’
227 3596 450 3678 corruptores
464 3583 641 3654 tueamur:
667 3581 776 3675 idque
790 3603 863 3650 non
876 3579 1004 3670 frigide
1016 3601 1056 3649 ac
1071 3578 1209 3664 timide,
1258 3605 1318 3652 rac
1333 3581 1532 3672 religionis,
1556 3583 1762 3674 praesertim
1780 3583 1919 3652 eumad
1936 3583 1971 3674 id
1993 3595 2153 3663 creatus,
2180 3582 2247 3650 ba-

227 3687 289 3758 sed
319 3689 485 3758 ardenter
508 3699 542 3756 et
571 3696 792 3769 constanter,
827 3681 1001 3754 excitante
1023 3680 1137 3751 zelum
1167 3680 1207 3750 in
1261 3684 1408 3776 ptisatus
1429 3697 1464 3754 et
1479 3697 1704 3774 regeneratus
1723 3684 1809 3770 sim,
1835 3685 2193 3778 deponerepossum.

226 3789 428 3882 pectoribus
442 3787 574 3858 nostris
587 3785 726 3879 Spiritu
739 3797 871 3855 sancto.
1360 3785 1484 3858 Sentio
1500 3787 1610 3876 igitur
1622 3786 1779 3878 primum
1792 3798 1867 3857 toto
1881 3799 2043 3878 pectore,
2067 3779 2164 3854 nibil
2177 3807 2247 3854 vo-

312 3887 355 3960 ln
371 3883 438 3958 hac
454 3889 587 3980 optima
604 3911 811 3979 summeque
819 3899 894 3956 tum
901 3883 982 3954 utili
998 3895 1073 3955 tum
1088 3907 1210 3953 neces-
1257 3888 1313 3958 bis
1328 3888 1426 3978 prius
1440 3888 1693 3981 ardentiusque
1707 3890 1901 3979 agendum,
1913 3911 2019 3982 qoam
2034 3899 2074 3957 ut
2090 3885 2247 3978 impium

229 3992 319 4062 saria
335 3989 650 4082 ecclcsiaeDeoque
665 4001 804 4079 accepta
821 3987 976 4070 unitate,
1002 3986 1069 4054 viri
1087 3985 1208 4056 claris-
1259 3986 1435 4073 Interim,
1474 4013 1668 4084 omnesque
1696 3989 1728 4059 ei
1761 3984 1992 4062 adhaerentes
2023 3989 2248 4080 corruptelae

227 4091 309 4165 simi
322 4106 357 4164 et
370 4090 588 4174 doctissimi,
608 4113 688 4160 cnm
704 4112 768 4180 ego
783 4111 925 4182 quoque
945 4087 1124 4158 exanimo
1146 4109 1209 4157 cu-
1259 4089 1567 4177 conciliationum,
1597 4091 1876 4162 conventionum
1908 4115 1990 4162 cum
2021 4090 2248 4174 adversariis,

226 4217 348 4288 peram
369 4217 450 4265 cum
475 4193 639 4263 omnibus
655 4185 879 4276 hominibus,
906 4201 939 4258 et
961 4188 1126 4280 inprimis
1145 4212 1209 4256 vo·
1259 4192 1487 4284 largitionum
1504 4206 1567 4264 aut
1579 4193 1846 4264 concessionum
1870 4193 2032 4263 funditus
2053 4205 2089 4262 et
2111 4192 2246 4262 radici-

225 4298 364 4370 biscum
384 4317 609 4378 comesse,
639 4292 961 4386 intelligeremque,
987 4314 1050 4362 vos
1071 4313 1112 4360 eo
1132 4313 1227 4372 ma·¹
1259 4309 1317 4366 tus
1341 4318 1383 4364 er
1408 4293 1552 4365 ecclesia
1583 4293 1652 4366 Dei
1675 4295 1913 4387 explodantur
1937 4309 1971 4366 et
1994 4293 2032 4363 in
2058 4306 2245 4364 aeternum

227 4399 343 4472 turius
362 4421 459 4468 nunc
476 4395 713 4469 Wormaciae
727 4394 949 4477 convenisse,
974 4406 1015 4464 ut
1038 4387 1144 4462 isthic
1164 4395 1208 4464 de
1258 4399 1483 4468 damnentur.
1541 4393 1632 4468 Nam
1665 4391 1731 4466 hac
1764 4409 1861 4468 tanta
1887 4409 1983 4486 peste
2007 4390 2246 4488 lethiferoque

225 4500 438 4594 quibusdam
453 4499 560 4570 rebus
572 4495 756 4587 religionis
772 4509 935 4592 statuque
957 4494 1121 4566 ecclesiae
1144 4495 1208 4566 de·
1258 4521 1397 4568 veneno
1432 4498 1471 4568 in
1497 4497 1691 4568 visceribus
1721 4497 1885 4567 ecclesiae
1906 4495 1972 4566 Dei
2005 4492 2175 4568 haerente
2209 4509 2244 4565 et

224 4601 441 4688 liberaretis,
464 4601 564 4672 volui
584 4615 661 4673 tum
686 4597 869 4689 precibus,
894 4610 969 4668 tum
993 4611 1028 4669 et
1051 4619 1207 4668 mearum
1257 4611 1453 4692 grassante,
1473 4600 1691 4691 impossibile
1716 4599 1821 4690 plane
1841 4613 1910 4684 est,
1937 4623 2013 4668 eam
2037 4611 2097 4668 aut
2121 4623 2242 4667 veram

226 4705 450 4798 quarundam
473 4704 748 4793 cogitationum,
774 4722 861 4794 quas
885 4723 925 4768 ex
948 4699 1057 4769 verbo
1079 4695 1209 4788 etSpi·
1257 4703 1465 4793 religionem
1511 4703 1643 4772 salvam
1690 4701 1977 4796 incolumemque
2023 4723 2243 4790 permanere.

225 4807 298 4878 ritu
313 4802 382 4876 Dei
398 4805 601 4894 desumptas
621 4803 746 4888 credo,
772 4801 990 4874 indicatione
1010 4813 1126 4872 vestra
1148 4799 1206 4870 isti
1258 4803 1389 4875 Haeret
1404 4827 1487 4874 vero
1504 4803 1566 4874 illa
1581 4797 1698 4872 adhuc
1712 4804 1750 4870 in
1768 4797 1930 4873 Marchia
1948 4815 1981 4873 et
1997 4802 2077 4870 aliis
2094 4802 2241 4894 quibus-

223 4907 339 4984 coetui
359 4920 392 4976 et
406 4905 550 4976 conatui
569 4905 716 4976 unicum
731 4905 985 4996 publicumque
1005 4904 1141 4972 bonum
1167 4926 1207 4972 ac
1257 4911 1337 4977 dam
1352 4907 1457 4990 loeis,
1473 4905 1633 4974 omnium
1650 4927 1734 4975 vero
1748 4905 1899 4974 maxime
1916 4904 1953 4973 in
1971 4903 2166 4973 multorum
2181 4927 2240 4994 pe-

222 5008 440 5079 tabemaculi
466 5004 534 5078 Dei
567 5007 672 5077 etiam
706 5007 986 5088 edificationem,
1019 5004 1077 5074 vel
1108 5005 1206 5074 tenui
1257 5009 1414 5079 ctoribus
1436 5019 1471 5076 et
1487 5006 1731 5087 conscientiis,
1757 5029 1847 5098 quae
1869 5029 1942 5074 sese
1963 5006 2049 5075 inde
2071 5006 2241 5074 extricare

209 5133 298 5194 ,mea
313 5133 436 5200 opera,
462 5121 776 5204 quantumcunque
791 5131 950 5200 possem,
976 5106 1155 5178 adiuvare.
1256 5133 1331 5180 non
1350 5121 1517 5202 possunt,
1542 5109 1747 5201 praesertim
1772 5109 1809 5175 io
1833 5107 2034 5200 principum
2056 5131 2095 5176 ac
2114 5119 2239 5200 poten-

322 5209 388 5280 Pio
419 5235 476 5281 me
500 5206 587 5282 haec
617 5209 739 5280 animo
760 5211 912 5281 scribere
935 5231 1064 5300 nempe
1085 5206 1203 5278 studio
1255 5225 1330 5283 tum
1355 5211 1502 5293 animis,
1531 5210 1594 5304 qui
1618 5233 1714 5280 nunc
1737 5208 1814 5280 sine
1836 5210 1935 5280 omni
1952 5210 2069 5280 fronte
2090 5231 2132 5278 ac
2153 5231 2238 5276 con·

222 5311 355 5404 publici
370 5312 475 5400 boni,
501 5312 806 5406 satisfaciendique
822 5307 898 5381 Deo
913 5334 953 5381 ac
970 5308 1203 5382 conscientiae

219 5439 334 5500 meae,
358 5440 432 5486 non
453 5415 647 5486 ambitione
668 5426 731 5486 aut
750 5413 819 5485 alia
842 5436 951 5504 provo
967 5411 1114 5501 affectu,
1138 5435 1200 5484 seu
1287 5433 1315 5505 q
1332 5433 1506 5500 perstaret,
1524 5432 1598 5504 quoe
1614 5429 1868 5490 notetuevidetor.

272 825 295 894 Ῡ
313 821 350 878 Er
363 816 520 893 apographo
535 815 564 870 in
576 813 640 872 cod.
653 809 771 884 Guelpb.
787 810 815 865 in
828 807 879 865 iol.
891 827 939 865 no.
951 809 977 865 7.
991 827 1017 882 p.
1030 807 1092 865 874.

215 975 423 1079 „Epistola
446 969 619 1048 Flavii
633 965 837 1066 Illyrici
857 961 913 1038 ad
935 963 1186 1062 Evangelieos

274 1077 520 1158 Wrmaciae
542 1070 598 1148 ad
616 1069 839 1172 colloquium
862 1069 1138 1165 congregator.”
