4690 6206
103 323 180 402 set
676 317 1109 402 EPISTULARUM
1158 322 1268 400 LlB.
1299 323 1406 406 Xlll.
1458 329 1592 412 1659.
2078 341 2161 418 922

107 491 374 586 igiturDeum,
404 497 539 568 fontem
564 495 777 586 sapientiae,
808 509 849 566 ut
869 507 971 566 tuum
993 495 1111 568 consi·
1159 492 1277 566 Deum
1311 495 1428 572 adhuc
1466 503 1631 576 mirando
1659 511 1766 582 modo
1794 533 1932 584 servare
1958 507 2155 586 Ecclesiam

108 599 201 668 lium
216 613 325 688 regat.
377 594 498 668 Audio
515 620 588 668 esse
604 595 741 666 Ducem
758 590 959 691 Georgium
976 599 1110 670 saluta-
1161 621 1236 668 non
1269 600 1429 692 exiguam
1461 605 1500 674 in
1532 601 1725 698 Thracio,
1766 608 1878 696 Aria,
1915 629 1949 688 et
1974 611 2153 688 Graecia:

109 723 185 770 rem
211 700 430 798 principem,
470 715 505 772 et
534 692 574 768 i'n
599 723 641 770 eo
665 701 783 770 lucere
805 702 934 772 multas
956 701 1109 790 egregias
1160 705 1460 792 quemadmodum
1483 707 1569 778 olim
1594 723 1663 782 tres
1685 715 1782 785 viros
1805 718 1844 786 in
1860 719 2004 790 fornace
2019 713 2152 814 Baby-

108 801 278 887 virtutcs,
317 803 504 894 pietatem,
543 801 716 872 iustitiam
748 814 783 873 et
807 801 1035 888 modestiam,
1074 815 1109 872 ct
1161 797 1284 872 ionica
1300 807 1464 882 servavit.
1516 807 1639 908 ltaque
1663 819 1791 906 gratias
1812 821 2046 908 agimusvero
2064 819 2153 907 Deo,

109 897 307 999 reipubl.¹)
333 906 490 994 gaudeo,
534 917 568 974 et
593 904 709 974 Deum
740 929 826 990 oro,
866 917 906 974 ut
935 903 970 973 ei
1006 903 1109 978 adsit.
1159 901 1259 974 Patri
1283 903 1362 978 lesu
1387 905 1539 999 Christi,
1577 920 1672 1010 quod
1700 922 1835 1010 potenti
1863 945 1971 993 manu
1995 925 2033 994 in
2054 939 2152 998 tanta

111 999 348 1097 Optoetiam,
370 1003 595 1076 utEcclesiae
611 1005 708 1076 illius
725 1001 969 1098 habeantpios
983 1006 1106 1076 docto·
1159 1007 1390 1080 multitudine
1416 1013 1628 1106 impiorum,
1657 1033 1693 1090 et
1715 1021 1863 1093 immani
1887 1026 1971 1094 odio
1993 1024 2061 1096 Dei
2085 1028 2152 1096 fla·-

109 1127 179 1179 res.
237 1106 308 1178 Sed
326 1121 379 1191 te,
412 1108 442 1176 si
465 1109 571 1177 datur
593 1108 659 1177 tibi
681 1107 795 1178 victus
813 1102 999 1204 homini²)
1022 1131 1108 1178 con·
1160 1110 1338 1196 grantium
1363 1108 1540 1204 hostium,
1574 1121 1643 1190 sibi
1665 1138 1780 1195 servat
1806 1143 1965 1212 coetum,
1999 1129 2062 1222 qui
2088 1127 2153 1200 Fi·

112 1207 277 1289 veniens,
304 1209 446 1278 mallem
460 1233 535 1278 nors
550 1209 728 1279 discedere
743 1234 784 1279 ex
800 1209 950 1280 statione
966 1211 1005 1278 in
1018 1210 1107 1279 urbe
1160 1210 1249 1280 lium
1271 1212 1382 1306 ipsius
1405 1212 1521 1287 lesum
1548 1217 1731 1295 Christum
1756 1227 1849 1298 recte
1867 1231 1956 1318 ,colit
1971 1243 2077 1324 atque
2093 1231 2152 1300 in-

110 1309 371 1396 aristocratica,
402 1312 441 1380 in
461 1336 566 1404 quam
581 1309 678 1382 Deus
701 1325 736 1381 te
757 1310 954 1394 collocavit.
1006 1309 1108 1382 Mul·
1161 1326 1277 1384 vocat:
1311 1340 1351 1386 ac
1372 1341 1575 1408 precamur,
1608 1339 1648 1396 ut
1667 1348 1807 1420 semper
1828 1332 1960 1424 ubique
1976 1345 2152 1403 terrarum

110 1423 189 1482 tucn
206 1413 331 1494 refert,
367 1413 405 1481 in
430 1414 580 1483 urbibus
603 1412 798 1484 maioribus
822 1413 969 1484 retineri
984 1414 1107 1482 docto-
1161 1409 1338 1487 Ecclesiae
1376 1437 1515 1492 sanctae
1547 1427 1779 1516 colligantur,
1816 1445 1852 1502 et
1885 1447 2151 1507 conserventur.

111 1536 168 1583 res
183 1528 276 1584 recte
292 1515 450 1585 cruditos
466 1529 499 1586 et
514 1517 715 1586 moderatos
732 1529 767 1585 ct
788 1537 864 1586 uon
888 1511 1109 1612 ἀριστοκρα-
1163 1515 1263 1586 Vidit
1284 1543 1370 1590 vero
1382 1515 1595 1599 Demetrius
1615 1530 1690 1621 ipse
1705 1545 1845 1602 nostros
1861 1558 2083 1624 congressus,
2112 1561 2153 1607 ae

111 1608 246 1695 τικούς.
296 1614 455 1688 Haecita
472 1617 610 1698 scribo,
644 1633 683 1690 ut
699 1631 816 1688 tamen
834 1633 867 1689 te
882 1617 1030 1686 arbitrio
1046 1630 1109 1686 tuo
1161 1617 1344 1691 doctrinae
1372 1639 1513 1697 nostrae
1546 1633 1689 1702 auditor
1717 1634 1797 1706 tuit.
1864 1633 2154 1710 Commemorare
2254 1643 2257 1650 ’

112 1718 158 1786 de
179 1739 317 1788 summa
339 1718 390 1790 rei
416 1732 569 1790 statuere
592 1719 716 1799 velim,
753 1732 788 1789 et
810 1717 926 1789 Deum
949 1743 1035 1802 oro,
1069 1732 1111 1789 ut
1160 1743 1243 1810 ergo
1258 1725 1409 1815 poterit,
1444 1753 1606 1802 nosvera
1624 1734 2050 1827 pietaterstineresacras
2072 1741 2153 1812 lite-

111 1815 317 1907 regathanc
340 1821 645 1894 deliberationem.
696 1820 795 1891 Beue
820 1821 907 1890 vale.
959 1817 1108 1894 otest.
1162 1837 1311 1932 ras-tam
1328 1824 1605 1922 Prophetarum,
1638 1861 1744 1930 quam
1767 1839 2038 1930 Apostolorum:
2071 1864 2154 1914 san-

114 1917 346 2012 Septembris.
1162 1937 1297 1996 starum
1315 1929 1421 2000 etiam
1441 1937 1658 2027 synodorum
1680 1942 1723 2010 de
1746 1941 1970 2032 dogmatibus
1990 1967 2156 2032 canones,

857 2018 1061 2116 Philippus.
1161 2041 1266 2119 atque
1294 2044 1435 2120 patrum
1464 2039 1679 2110 doctrinam:
1726 2037 1894 2130 Irenoei,
1932 2038 2156 2134 Athanasii,

1161 2121 1329 2215 Basilii,
1384 2127 1575 2229 Gregorii,
1633 2137 1867 2239 Epiphoaii,
1915 2141 2156 2234 Theodoreti,

690 2261 1107 2278 ----·------
1162 2231 1401 2326 aliorumque,
1447 2241 1510 2331 qui
1547 2265 1627 2312 cum
1661 2239 1718 2314 his
1747 2249 1990 2322 consentiunt:
2036 2265 2155 2322 vetera

1162 2345 1280 2403 autem
1308 2335 1556 2428 deliramenta,
1602 2340 1860 2438 Somosoleni,
1906 2345 2156 2422 Manichaeo-

116 2397 186 2473 No.
205 2396 319 2474 6825.

127 2495 341 2536 Μ
914 2413 1110 2536 (Q)
1162 2457 1261 2521 rom,
1285 2429 1661 2532 Malaometistorum,
1694 2451 1926 2545 omniumque
1941 2455 2155 2524 execrando·

1162 2561 1243 2607 rum
1272 2533 1479 2625 hominum,
1519 2571 1608 2640 quos
1640 2553 1807 2642 reprobat
1835 2567 1954 2623 saneta
1986 2551 2156 2640 Ecclesia,

340 2597 534 2718 Iosepho
569 2605 886 2698 Potriaroitae’.
939 2687 944 2696 .
1162 2640 1392 2712 detestamur:
1413 2669 1455 2714 ac
1469 2648 1635 2720 docemus
1645 2653 1808 2744 pictatem
1825 2678 1898 2725 esse
1909 2679 2026 2727 veram
2037 2659 2156 2740 iidem,

182 2767 279 2826 mu„
296 2771 481 2846 thebcrgse
494 2797 565 2834 :nno
580 2780 656 2836 taso.
669 2781 835 2838 nemeaeus
848 2785 1005 2842 mm
1039 2789 1108 2843 uis·
1162 2755 1197 2813 et
1212 2743 1452 2815 obedientiam
1479 2747 1574 2820 iuxta
1597 2753 1689 2844 leges
1715 2755 1854 2826 divinas
1870 2759 1973 2829 nobis
1990 2761 2153 2830 traditas:

218 2859 305 2922 conus
320 2843 661 2934 Constantinopolitanae,
679 2851 785 2934 cuisque,
805 2863 835 2906 ut
848 2853 997 2940 dicebsi,'a
1010 2827 1109 2912 iosuae
1161 2841 1244 2913 Non
1264 2849 1549 2938 superstitiones,
1588 2870 1649 2926 out
1672 2857 1787 2928 cultus
1810 2851 1966 2932 humana
1991 2856 2154 2932 authori·

216 2911 824 3060 u.:u:u::..:u:::euru:
844 2925 1109 3049 :tuumne
1152 2947 1964 3046 1111111,1111111111111
1980 2959 2153 3034 u....u

214 3045 326 3102 lantbon
342 3048 419 3103 hasce
432 3049 521 3108 literas
535 3071 632 3124 graece
644 3058 759 3126 scriptas
771 3057 852 3112 sicssul
868 3078 931 3114 cum
947 3065 1107 3134 August-aua
1160 3051 1404 3140 excogitarunt
1417 3053 1494 3124 Sine
1509 3061 1676 3130 martileio
1690 3057 1770 3135 Dei.
1824 3059 1982 3135 Oramus
1998 3065 2105 3155 igitur
2119 3079 2154 3138 et

215 3117 404 3202 ‘Pis‘⁵¹³?'¹.‘⁹
428 3119 1107 3208 ⁸⁰9¹⁸⁰¹⁰⁵9⁸¹!”⁰Q⁸²'¹l¹⁰¹¹‘¹¹¹'⁹¹'”2¹²·
1160 3174 1204 3218 vo
1324 3153 1396 3223 isa
1424 3145 1482 3224 ien
1499 3157 1552 3226 ia·
1646 3163 1686 3231 lli
1704 3166 1733 3231 is
1787 3187 1832 3234 ne
1863 3165 1968 3235 tidem
1993 3163 2154 3237 habeatis

212 3183 289 3240 dedet.
326 3185 444 3254 hptstola
458 3188 540 3244 lateus
555 3193 692 3262 legitursn
707 3193 792 3264 Epist.
811 3195 860 3250 hh.
878 3197 924 3253 lll.
943 3215 973 3268 p.
986 3201 1029 3254 77.
1051 3153 1106 3266 ded.
1207 3174 1240 3234 δ’
1273 3176 1322 3244 qu
1400 3174 1422 3244 p
1484 3169 1496 3226 i
1564 3185 1644 3231 exce
1689 3178 1701 3232 t
1741 3217 1751 3246 ’

213 3253 301 3311 tona.
315 3253 362 3308 111.’
375 3273 418 3326 ep.
434 3256 506 3323 16.);
529 3277 627 3332 graece
641 3279 700 3316 eam
726 3263 810 3316 catate
834 3265 932 3321 ttscct.
949 3267 1065 3324 oram
1078 3268 1107 3322 tn
1160 3252 1366 3340 calumniis,
1398 3279 1485 3348 quas
1501 3259 1638 3350 lingunt
1655 3281 1777 3336 contra
1794 3287 1860 3336 nos
1875 3261 1993 3344 hostes
2006 3271 2152 3362 quidam

1386 3361 1428 3426 ed
1451 3358 1547 3431 iuxta
1570 3363 1701 3454 legem,
1737 3379 1770 3437 et
1792 3371 1990 3439 naturalem
2008 3384 2043 3442 et
2057 3372 2152 3440 divi-

1158 3478 1261 3536 nam,
1294 3459 1427 3546 pariter
1443 3475 1628 3558 utramque
1644 3483 1777 3558 partem
1795 3472 1967 3556 audiatis,
2001 3487 2036 3542 et
2055 3475 2150 3542 veri·

1158 3557 1238 3624 tatis
1251 3583 1290 3627 ac
1304 3559 1390 3648 legis
1408 3561 1551 3632 divinae
1564 3572 1706 3656 patroni
1721 3569 1814 3640 sitis:
1848 3575 2150 3666 quemadmodum

369 3633 416 3708 A.
466 3633 634 3734 (Epist.
668 3641 850 3738 latina.)
1156 3657 1252 3728 scitis
1266 3684 1356 3750 opus
1370 3656 1438 3730 hoc
1453 3664 1588 3734 cultum
1607 3669 1764 3742 csseDeo
1781 3671 1884 3762 longe
1897 3674 2149 3764 gratissimum.

113 3775 430 3858 &verendas-simo
454 3783 623 3862 Domino
657 3789 765 3864 Im
804 3789 862 3866 ho
912 3795 1104 3876 Ecclesiae
1157 3757 1244 3830 Vale
1257 3759 1565 3836 Reverenclissime
1581 3767 1696 3846 Pater.
1749 3767 1995 3846 lnSoxonio.
2036 3777 2147 3848 Anno

111 3873 276 3974 Christi,
300 3913 396 3986 quoe
412 3900 464 3960 est
479 3820 826 3992 Constantinopoii,
857 3851 1103 3976 i'atriareiaoe
1156 3877 1233 3952 *³⁰⁸²
1249 3863 1391 3982 nmini
1412 3867 1525 3936 ”Miri
1544 3867 1620 3942 ¹⁸⁸⁰
1637 3869 1772 3946 Christi
1788 3875 1827 3944 in
1844 3891 2025 3970 ‘mumma
2040 3901 2146 3948 came

134 3989 554 4066 sanctissimosoioiem.
611 3995 700 4091 (Ex
714 3995 858 4070 Graeco
873 4009 1074 4095 converso.)
1154 3987 1395 4036 ⁰⁹⁰⁰¹¹⁰m¹³¹¹¹
1415 3961 1526 4040 1⁵59·

213 3319 793 3402 §praetereunteliteratgraccdipnloii.
812 3331 839 3384 8.
866 3333 954 3390 Etiam
969 3337 1107 3418 Fqbricius
1159 3355 1335 3425 veritatis:
1368 3381 1383 3426 3

213 3409 241 3442 m
261 3389 331 3448 Bcbl.
353 3411 443 3474 grace.
460 3394 535 3452 lllll.
550 3417 581 3518 p.
596 3401 656 3455 168.
694 3401 860 3521 Apogrgpbe
881 3421 977 3474 graeca
996 3425 1025 3459 m
1042 3408 1105 3462 cod.

214 3457 297 3515 Goth.
310 3461 371 3517 ets.
392 3471 417 3514 ct
429 3479 458 3516 tn
472 3463 534 3520 cod.
569 3467 663 3524 lonae.
677 3465 711 3526 ll.
726 3487 754 3539 p.
769 3473 783 3523 1
821 3505 830 3523 .

1652 4067 1858 4188 'Philippus
1874 4093 2102 4174 Melanthos.

108 4127 269 4234 Semper
290 4147 433 4238 quidem
459 4145 614 4224 Ecclesia
639 4151 706 4224 Dei
727 4141 768 4226 in
794 4153 859 4230 hac
882 4161 971 4246 vita,
1010 4165 1101 4236 sicut

107 4245 272 4314 navicula
298 4248 392 4317 inter
413 4249 560 4337 lluctus,
592 4259 715 4330 multis
741 4261 904 4352 procellis
931 4263 1097 4354 agitatur:

107 4367 206 4416 nunc
231 4371 314 4418 vero
339 4351 377 4418 in
398 4349 563 4439 languida
590 4351 655 4428 hac
680 4363 806 4432 mundi
828 4380 965 4436 senecta
989 4369 1098 4459 magis
1440 4327 1487 4406 B·
1539 4333 1631 4432 (EP'
1665 4345 1855 4436 grum)

105 4473 214 4543 quam
233 4449 319 4518 olim
335 4453 508 4528 turbatur.
562 4455 668 4546 Quod
685 4485 765 4532 cum
788 4467 964 4553 videmus,
996 4493 1097 4561 saepe
1149 4479 1358 4581 „Epistola
1385 4477 1551 4588 Philip
1592 4491 1609 4559 i
1631 4487 2136 4596 Melanthonisscripia
2180 4593 2186 4600 ¹

103 4552 750 4645 cumgemituprecamurFiliumDei‚
769 4563 1095 4642 ludicemomnium
1148 4581 1204 4654 ad
1238 4581 1505 4658 Patriarcitam
1580 4591 2023 4690 onstoaliaopoiitonum,
2069 4624 2138 4695 per

104 4649 311 4724 hominum:
351 4669 391 4726 ut
407 4661 798 4749 quamprimumveuiet
820 4682 853 4738 et
870 4669 1092 4764 triumphum
1146 4683 1431 4760 Demetrium
1458 4686 1706 4786 Thracem,
1745 4696 2000 4772 annosalnli,
2025 4699 2135 4776 1559,

102 4769 205 4845 agat,
242 4757 514 4848 universamque
540 4757 733 4836 Ecclesiam
763 4771 808 4836 ad
838 4769 1012 4844 visibilem
1027 4773 1095 4844 Dei
1449 4793 1828 4892 mensesepumbrffl

102 4859 398 4930 consuetudinem
436 4863 605 4948 adducat,
651 4867 714 4936 ubi
752 4869 820 4939 erit
845 4868 944 4942 Deus
973 4877 1091 4948 omnia
1204 4945 1220 4962 ,
1477 4939 1486 4964 ,
1715 4891 1733 4968 ,’
1866 4956 1881 4974 ,
2077 4951 2087 4980 ,

104 4961 145 5030 in
169 4959 336 5030 omnibus
360 4962 482 5035 beatis.
541 4961 821 5058 Deplorautibus
846 4989 963 5046 aretem
989 4979 1092 5048 nobis
1148 4927 1219 5036 T‘i'
1234 4967 1543 5074 „ssmi‘mnfmiss
1587 4972 1796 5074 {mil-‘ww
1835 4953 2134 5080 ‘wiffam‘

104 5085 330 5134 communem
361 5065 610 5136 calamitatem:
651 5069 817 5142 nonnihil
847 5077 963 5147 attulit
986 5082 1091 5150 nobis
1142 5043 1250 5167 ²3⁰⁰?
1278 5041 1472 5168 ηψπ
1498 5073 1564 5141 της
1588 5075 1629 5122 ‘⁸‘
1646 5076 1693 5172 'tt
1713 5073 1995 5180 κωγῗταπῖγου
2014 5062 2129 5186 πῖωζ

102 5163 222 5236 solatii
259 5164 415 5234 narratio
451 5163 654 5258 Demetrii,
701 5197 742 5243 ex
773 5201 844 5270 quo
879 5179 1090 5270 audivimus,
1141 5149 1429 5272 ''tt’‘qtz‘fi’m‘p
1441 5147 1753 5278 f⁸ssa⁰if⁴mmi²3
1778 5181 2042 5282 mimium„
2061 5165 2129 5232 “¹⁶⁸

1141 5271 1212 5339 μεν
1245 5275 1267 5340 η
1301 5253 1473 5340 casipate
1498 5251 1593 5326 θεον
1620 5255 1660 5328 ἐν
1685 5281 1808 5352 τουτῳ
1831 5283 1886 5354 τῳ
1911 5259 1987 5356 βιῳ
2008 5285 2128 5361 ωςπερ

95 5335 321 5360 -μ

133 5419 158 5484 1)
179 5419 370 5474 Praeter-missa
386 5419 513 5476 ridentur
526 5425 657 5498 quaedam
672 5429 764 5484 rerba.

132 5503 161 5574 1)
179 5501 322 5562 onium
337 5507 441 5566 uidetur
452 5511 534 5564 docto
547 5511 587 5566 ecl
600 5511 699 5572 simile.
977 5529 982 5540 '
1172 5533 1199 5600 1)
1215 5531 1310 5601 tmesi]
1328 5547 1386 5588 uon
1398 5531 1587 5592 1111111111.
1657 5523 1668 5548 ⁰
