<?xml version="1.0" encoding="UTF-8"?>
<!DOCTYPE html PUBLIC "-//W3C//DTD XHTML 1.0 Transitional//EN"
    "http://www.w3.org/TR/xhtml1/DTD/xhtml1-transitional.dtd">
<html xmlns="http://www.w3.org/1999/xhtml" xml:lang="en" lang="en">
 <head>
  <title>
</title>
<meta http-equiv="Content-Type" content="text/html;charset=utf-8" />
  <meta name='ocr-system' content='tesseract 3.04.00' />
  <meta name='ocr-capabilities' content='ocr_page ocr_carea ocr_par ocr_line ocrx_word'/>
</head>
<body>
  <div class='ocr_page' id='page_1' title='image "./philippimelanth06bindgoog_0361.png"; bbox 0 0 4738 6186; ppageno 0'>
   <div class='ocr_carea' id='block_1_1' title="bbox 112 320 1109 676">
    <p class='ocr_par' dir='ltr' id='par_1_1' title="bbox 112 320 1109 676">
     <span class='ocr_line' id='line_1_1' title="bbox 115 320 191 398; baseline -0.026 0"><span class='ocrx_word' id='word_1_1' title='bbox 115 320 191 398; x_wconf 85' lang='grc'>657</span> 
     </span>
     <span class='ocr_line' id='line_1_2' title="bbox 112 493 1109 593; baseline -0.01 -25"><span class='ocrx_word' id='word_1_2' title='bbox 112 495 228 570; x_wconf 90' lang='lat' dir='ltr'>Deum</span> <span class='ocrx_word' id='word_1_3' title='bbox 244 521 329 585; x_wconf 91' lang='lat' dir='ltr'>oro,</span> <span class='ocrx_word' id='word_1_4' title='bbox 353 513 396 571; x_wconf 89' lang='lat' dir='ltr'>ut</span> <span class='ocrx_word' id='word_1_5' title='bbox 410 496 585 593; x_wconf 85' lang='lat' dir='ltr'>inclytum</span> <span class='ocrx_word' id='word_1_6' title='bbox 597 493 753 590; x_wconf 83' lang='lat' dir='ltr'>Regem,</span> <span class='ocrx_word' id='word_1_7' title='bbox 777 508 814 569; x_wconf 91' lang='lat' dir='ltr'>et</span> <span class='ocrx_word' id='word_1_8' title='bbox 827 508 862 568; x_wconf 87' lang='lat' dir='ltr'>te</span> <span class='ocrx_word' id='word_1_9' title='bbox 877 505 912 566; x_wconf 87' lang='lat' dir='ltr'>et</span> <span class='ocrx_word' id='word_1_10' title='bbox 927 505 1008 566; x_wconf 90' lang='lat' dir='ltr'>tuos</span> <span class='ocrx_word' id='word_1_11' title='bbox 1030 511 1109 560; x_wconf 86' lang='lat' dir='ltr'>ser·</span> 
     </span>
     <span class='ocr_line' id='line_1_3' title="bbox 113 597 727 676; baseline 0.007 -7"><span class='ocrx_word' id='word_1_12' title='bbox 113 615 183 676; x_wconf 89' lang='lat' dir='ltr'>vet.</span> <span class='ocrx_word' id='word_1_13' title='bbox 233 597 346 674; x_wconf 85' lang='lat' dir='ltr'>Datae</span> <span class='ocrx_word' id='word_1_14' title='bbox 363 601 422 672; x_wconf 89' lang='lat' dir='ltr'>die</span> <span class='ocrx_word' id='word_1_15' title='bbox 438 601 550 672; x_wconf 88' lang='lat' dir='ltr'>natali</span> <span class='ocrx_word' id='word_1_16' title='bbox 564 597 727 673; x_wconf 88' lang='lat' dir='ltr'>Lntheri.</span> 
     </span>
    </p>
   </div>
   <div class='ocr_carea' id='block_1_2' title="bbox 719 812 1103 834">
    <p class='ocr_par' dir='ltr' id='par_1_2' title="bbox 719 812 1103 834">
     <span class='ocr_line' id='line_1_4' title="bbox 719 812 1103 834; baseline 0 0"><span class='ocrx_word' id='word_1_17' title='bbox 719 812 1103 834; x_wconf 57' lang='grc' dir='ltr'>..Μ</span> 
     </span>
    </p>
   </div>
   <div class='ocr_carea' id='block_1_3' title="bbox 935 967 1093 1040">
    <p class='ocr_par' dir='ltr' id='par_1_3' title="bbox 935 967 1093 1040">
     <span class='ocr_line' id='line_1_5' title="bbox 935 967 1093 1040; baseline -0.07 0"><span class='ocrx_word' id='word_1_18' title='bbox 935 971 992 1040; x_wconf 84' lang='grc'>14.</span> <span class='ocrx_word' id='word_1_19' title='bbox 1011 967 1093 1034; x_wconf 84' lang='lat' dir='ltr'>Nor.</span> 
     </span>
    </p>
   </div>
   <div class='ocr_carea' id='block_1_4' title="bbox 927 1059 1098 1092">
    <p class='ocr_par' dir='ltr' id='par_1_4' title="bbox 927 1059 1098 1092">
     <span class='ocr_line' id='line_1_6' title="bbox 927 1059 1098 1092; baseline -0.012 0"><span class='ocrx_word' id='word_1_20' title='bbox 927 1059 1098 1092; x_wconf 54' lang='lat' dir='ltr'>m</span> 
     </span>
    </p>
   </div>
   <div class='ocr_carea' id='block_1_5' title="bbox 114 967 310 1098">
    <p class='ocr_par' dir='ltr' id='par_1_5' title="bbox 114 967 310 1098">
     <span class='ocr_line' id='line_1_7' title="bbox 114 967 310 1098; baseline 0 -51"><span class='ocrx_word' id='word_1_21' title='bbox 114 967 310 1098; x_wconf 61' lang='lat' dir='ltr'>Q.</span> 
     </span>
    </p>
   </div>
   <div class='ocr_carea' id='block_1_6' title="bbox 442 1157 789 1296">
    <p class='ocr_par' dir='ltr' id='par_1_6' title="bbox 442 1157 789 1296">
     <span class='ocr_line' id='line_1_8' title="bbox 442 1157 789 1296; baseline -0.006 -36"><span class='ocrx_word' id='word_1_22' title='bbox 442 1172 506 1260; x_wconf 87' lang='lat' dir='ltr'>D.</span> <span class='ocrx_word' id='word_1_23' title='bbox 535 1157 789 1296; x_wconf 25' lang='lat' dir='ltr'>Chytroeo..</span> 
     </span>
    </p>
   </div>
   <div class='ocr_carea' id='block_1_7' title="bbox 185 1345 808 1603">
    <p class='ocr_par' dir='ltr' id='par_1_7' title="bbox 185 1345 808 1603">
     <span class='ocr_line' id='line_1_9' title="bbox 185 1345 778 1420; baseline -0.005 -15"><span class='ocrx_word' id='word_1_24' title='bbox 185 1348 235 1418; x_wconf 79' lang='lat' dir='ltr'>(Es</span> <span class='ocrx_word' id='word_1_25' title='bbox 247 1347 347 1408; x_wconf 72' lang='lat' dir='ltr'>David.</span> <span class='ocrx_word' id='word_1_26' title='bbox 363 1345 492 1420; x_wconf 79' lang='lat' dir='ltr'>Chytraei</span> <span class='ocrx_word' id='word_1_27' title='bbox 509 1345 630 1420; x_wconf 81' lang='lat' dir='ltr'>epistolis</span> <span class='ocrx_word' id='word_1_28' title='bbox 649 1363 676 1419; x_wconf 90' lang='lat' dir='ltr'>p.</span> <span class='ocrx_word' id='word_1_29' title='bbox 692 1345 778 1413; x_wconf 80' lang='lat'>1217.)</span> 
     </span>
     <span class='ocr_line' id='line_1_10' title="bbox 411 1494 808 1603; baseline -0.005 -25"><span class='ocrx_word' id='word_1_30' title='bbox 411 1503 531 1578; x_wconf 85' lang='lat' dir='ltr'>Dav.</span> <span class='ocrx_word' id='word_1_31' title='bbox 557 1494 808 1603; x_wconf 69' lang='lat' dir='ltr'>Chytrueo.</span> 
     </span>
    </p>
   </div>
   <div class='ocr_carea' id='block_1_8' title="bbox 37 1643 1115 4196">
    <p class='ocr_par' dir='ltr' id='par_1_8' title="bbox 37 1643 1115 4196">
     <span class='ocr_line' id='line_1_11' title="bbox 114 1643 1105 1756; baseline -0.01 -26"><span class='ocrx_word' id='word_1_32' title='bbox 114 1643 329 1732; x_wconf 71' lang='lat' dir='ltr'>clarissime</span> <span class='ocrx_word' id='word_1_33' title='bbox 344 1656 401 1756; x_wconf 79' lang='lat' dir='ltr'>vir</span> <span class='ocrx_word' id='word_1_34' title='bbox 415 1667 451 1728; x_wconf 84' lang='lat' dir='ltr'>et</span> <span class='ocrx_word' id='word_1_35' title='bbox 465 1655 642 1728; x_wconf 85' lang='lat' dir='ltr'>carissime</span> <span class='ocrx_word' id='word_1_36' title='bbox 656 1657 776 1731; x_wconf 88' lang='lat' dir='ltr'>frater.</span> <span class='ocrx_word' id='word_1_37' title='bbox 816 1653 870 1726; x_wconf 87' lang='lat' dir='ltr'>De</span> <span class='ocrx_word' id='word_1_38' title='bbox 886 1667 948 1726; x_wconf 89' lang='lat' dir='ltr'>tua</span> <span class='ocrx_word' id='word_1_39' title='bbox 964 1652 1105 1746; x_wconf 85' lang='lat' dir='ltr'>querela</span> 
     </span>
     <span class='ocr_line' id='line_1_12' title="bbox 114 1757 1107 1854; baseline -0.007 -24"><span class='ocrx_word' id='word_1_40' title='bbox 114 1761 273 1854; x_wconf 90' lang='lat' dir='ltr'>primum</span> <span class='ocrx_word' id='word_1_41' title='bbox 298 1761 512 1851; x_wconf 72' lang='lat' dir='ltr'>respondeo:</span> <span class='ocrx_word' id='word_1_42' title='bbox 544 1782 610 1828; x_wconf 90' lang='lat' dir='ltr'>nec</span> <span class='ocrx_word' id='word_1_43' title='bbox 629 1757 782 1842; x_wconf 77' lang='lat' dir='ltr'>sciente,</span> <span class='ocrx_word' id='word_1_44' title='bbox 807 1779 873 1828; x_wconf 92' lang='lat' dir='ltr'>nec</span> <span class='ocrx_word' id='word_1_45' title='bbox 891 1757 1032 1825; x_wconf 90' lang='lat' dir='ltr'>volente</span> <span class='ocrx_word' id='word_1_46' title='bbox 1050 1778 1107 1823; x_wconf 91' lang='lat' dir='ltr'>me</span> 
     </span>
     <span class='ocr_line' id='line_1_13' title="bbox 116 1857 1106 1954; baseline -0.009 -21"><span class='ocrx_word' id='word_1_47' title='bbox 116 1864 177 1933; x_wconf 89' lang='lat' dir='ltr'>edi</span> <span class='ocrx_word' id='word_1_48' title='bbox 194 1887 233 1932; x_wconf 88' lang='lat' dir='ltr'>ea</span> <span class='ocrx_word' id='word_1_49' title='bbox 249 1861 397 1954; x_wconf 91' lang='lat' dir='ltr'>scripta,</span> <span class='ocrx_word' id='word_1_50' title='bbox 422 1861 467 1930; x_wconf 91' lang='lat' dir='ltr'>de</span> <span class='ocrx_word' id='word_1_51' title='bbox 490 1861 620 1953; x_wconf 85' lang='lat' dir='ltr'>quibus</span> <span class='ocrx_word' id='word_1_52' title='bbox 634 1873 778 1951; x_wconf 87' lang='lat' dir='ltr'>questus</span> <span class='ocrx_word' id='word_1_53' title='bbox 795 1882 831 1930; x_wconf 91' lang='lat' dir='ltr'>es</span> <span class='ocrx_word' id='word_1_54' title='bbox 844 1857 883 1952; x_wconf 89' lang='lat'>¹).</span> <span class='ocrx_word' id='word_1_55' title='bbox 933 1857 1002 1930; x_wconf 87' lang='lat' dir='ltr'>Sed</span> <span class='ocrx_word' id='word_1_56' title='bbox 1026 1881 1106 1927; x_wconf 91' lang='lat' dir='ltr'>cum</span> 
     </span>
     <span class='ocr_line' id='line_1_14' title="bbox 114 1953 1109 2058; baseline -0.006 -24"><span class='ocrx_word' id='word_1_57' title='bbox 114 1965 224 2034; x_wconf 87' lang='lat' dir='ltr'>finem</span> <span class='ocrx_word' id='word_1_58' title='bbox 240 1964 381 2034; x_wconf 92' lang='lat' dir='ltr'>nullum</span> <span class='ocrx_word' id='word_1_59' title='bbox 405 1961 510 2034; x_wconf 87' lang='lat' dir='ltr'>faciat</span> <span class='ocrx_word' id='word_1_60' title='bbox 529 1956 737 2058; x_wconf 68' lang='grc' dir='ltr'><strong><em>παφλάζων</em></strong></span> <span class='ocrx_word' id='word_1_61' title='bbox 752 1953 929 2045; x_wconf 78' lang='lat' dir='ltr'>Florius,</span> <span class='ocrx_word' id='word_1_62' title='bbox 954 1959 1109 2030; x_wconf 79' lang='lat' dir='ltr'>irritavit</span> 
     </span>
     <span class='ocr_line' id='line_1_15' title="bbox 114 2059 1109 2159; baseline -0.006 -21"><span class='ocrx_word' id='word_1_63' title='bbox 114 2067 263 2138; x_wconf 90' lang='lat' dir='ltr'>tandem</span> <span class='ocrx_word' id='word_1_64' title='bbox 284 2059 370 2148; x_wconf 88' lang='lat' dir='ltr'>bos,</span> <span class='ocrx_word' id='word_1_65' title='bbox 401 2065 465 2159; x_wconf 92' lang='lat' dir='ltr'>qui</span> <span class='ocrx_word' id='word_1_66' title='bbox 485 2065 546 2134; x_wconf 90' lang='lat' dir='ltr'>illa</span> <span class='ocrx_word' id='word_1_67' title='bbox 572 2067 699 2144; x_wconf 89' lang='lat' dir='ltr'>edunt,</span> <span class='ocrx_word' id='word_1_68' title='bbox 734 2064 797 2158; x_wconf 90' lang='lat' dir='ltr'>qui</span> <span class='ocrx_word' id='word_1_69' title='bbox 819 2063 1002 2157; x_wconf 89' lang='lat' dir='ltr'>aliquanto</span> <span class='ocrx_word' id='word_1_70' title='bbox 1026 2074 1109 2132; x_wconf 92' lang='lat' dir='ltr'>sunt</span> 
     </span>
     <span class='ocr_line' id='line_1_16' title="bbox 37 2163 1109 2260; baseline -0.003 -26"><span class='ocrx_word' id='word_1_71' title='bbox 37 2185 41 2195; x_wconf 82' lang='grc'><strong>’</strong></span> <span class='ocrx_word' id='word_1_72' title='bbox 113 2163 400 2236; x_wconf 85' lang='lat' dir='ltr'>vehementiores</span> <span class='ocrx_word' id='word_1_73' title='bbox 420 2189 525 2259; x_wconf 92' lang='lat' dir='ltr'>quam</span> <span class='ocrx_word' id='word_1_74' title='bbox 548 2189 611 2254; x_wconf 92' lang='lat' dir='ltr'>ego</span> <span class='ocrx_word' id='word_1_75' title='bbox 634 2189 730 2252; x_wconf 90' lang='lat' dir='ltr'>snm,</span> <span class='ocrx_word' id='word_1_76' title='bbox 753 2179 786 2236; x_wconf 91' lang='lat' dir='ltr'>et</span> <span class='ocrx_word' id='word_1_77' title='bbox 803 2189 909 2260; x_wconf 90' lang='lat' dir='ltr'>quam</span> <span class='ocrx_word' id='word_1_78' title='bbox 924 2163 1030 2232; x_wconf 87' lang='lat' dir='ltr'>velim</span> <span class='ocrx_word' id='word_1_79' title='bbox 1050 2186 1109 2232; x_wconf 91' lang='lat' dir='ltr'>eos</span> 
     </span>
     <span class='ocr_line' id='line_1_17' title="bbox 114 2263 1109 2340; baseline -0.005 -3"><span class='ocrx_word' id='word_1_80' title='bbox 114 2289 204 2337; x_wconf 86' lang='lat' dir='ltr'>esse.</span> <span class='ocrx_word' id='word_1_81' title='bbox 256 2265 326 2338; x_wconf 89' lang='lat' dir='ltr'>Sed</span> <span class='ocrx_word' id='word_1_82' title='bbox 340 2265 530 2336; x_wconf 78' lang='lat' dir='ltr'>virulentia</span> <span class='ocrx_word' id='word_1_83' title='bbox 547 2263 711 2336; x_wconf 83' lang='lat' dir='ltr'>Flaciana</span> <span class='ocrx_word' id='word_1_84' title='bbox 727 2267 808 2336; x_wconf 88' lang='lat' dir='ltr'>illos</span> <span class='ocrx_word' id='word_1_85' title='bbox 820 2267 925 2337; x_wconf 90' lang='lat' dir='ltr'>etiam</span> <span class='ocrx_word' id='word_1_86' title='bbox 940 2265 1109 2340; x_wconf 82' lang='lat' dir='ltr'>incendit.</span> 
     </span>
     <span class='ocr_line' id='line_1_18' title="bbox 115 2363 1109 2459; baseline -0.005 -19"><span class='ocrx_word' id='word_1_87' title='bbox 115 2367 224 2440; x_wconf 88' lang='lat' dir='ltr'>Nunc</span> <span class='ocrx_word' id='word_1_88' title='bbox 245 2380 364 2438; x_wconf 90' lang='lat' dir='ltr'>movet</span> <span class='ocrx_word' id='word_1_89' title='bbox 378 2365 630 2458; x_wconf 77' lang='lat' dir='ltr'>Quaestionem</span> <span class='ocrx_word' id='word_1_90' title='bbox 650 2370 694 2438; x_wconf 89' lang='lat' dir='ltr'>de</span> <span class='ocrx_word' id='word_1_91' title='bbox 707 2363 868 2444; x_wconf 80' lang='lat' dir='ltr'>Trunca.</span> <span class='ocrx_word' id='word_1_92' title='bbox 919 2367 993 2438; x_wconf 88' lang='lat' dir='ltr'>Nec</span> <span class='ocrx_word' id='word_1_93' title='bbox 1008 2381 1109 2459; x_wconf 84' lang='lat' dir='ltr'>putes</span> 
     </span>
     <span class='ocr_line' id='line_1_19' title="bbox 114 2467 1111 2564; baseline -0.005 -23"><span class='ocrx_word' id='word_1_94' title='bbox 114 2493 176 2541; x_wconf 85' lang='lat' dir='ltr'>me</span> <span class='ocrx_word' id='word_1_95' title='bbox 200 2469 418 2540; x_wconf 89' lang='lat' dir='ltr'>abiectumm</span> <span class='ocrx_word' id='word_1_96' title='bbox 442 2491 515 2540; x_wconf 87' lang='lat' dir='ltr'>esse</span> <span class='ocrx_word' id='word_1_97' title='bbox 545 2493 621 2540; x_wconf 89' lang='lat' dir='ltr'>eam</span> <span class='ocrx_word' id='word_1_98' title='bbox 654 2493 805 2546; x_wconf 89' lang='lat' dir='ltr'>causam.</span> <span class='ocrx_word' id='word_1_99' title='bbox 864 2467 1007 2564; x_wconf 87' lang='lat' dir='ltr'>Optimi</span> <span class='ocrx_word' id='word_1_100' title='bbox 1031 2469 1111 2552; x_wconf 88' lang='lat' dir='ltr'>viri,</span> 
     </span>
     <span class='ocr_line' id='line_1_20' title="bbox 116 2563 1110 2668; baseline -0.002 -26"><span class='ocrx_word' id='word_1_101' title='bbox 116 2567 279 2668; x_wconf 81' lang='lat' dir='ltr'>Saepius</span> <span class='ocrx_word' id='word_1_102' title='bbox 301 2583 334 2641; x_wconf 91' lang='lat' dir='ltr'>et</span> <span class='ocrx_word' id='word_1_103' title='bbox 358 2564 577 2644; x_wconf 80' lang='lat' dir='ltr'>Victorinus</span> <span class='ocrx_word' id='word_1_104' title='bbox 602 2573 798 2645; x_wconf 90' lang='lat' dir='ltr'>noluerunt</span> <span class='ocrx_word' id='word_1_105' title='bbox 822 2597 895 2643; x_wconf 89' lang='lat' dir='ltr'>esse</span> <span class='ocrx_word' id='word_1_106' title='bbox 919 2563 1110 2666; x_wconf 84' lang='grc' dir='ltr'>σύμμαχοι</span> 
     </span>
     <span class='ocr_line' id='line_1_21' title="bbox 115 2665 1110 2766; baseline -0.003 -21"><span class='ocrx_word' id='word_1_107' title='bbox 115 2677 187 2746; x_wconf 82' lang='grc' dir='ltr'>τοῦ</span> <span class='ocrx_word' id='word_1_108' title='bbox 201 2665 457 2766; x_wconf 80' lang='grc' dir='ltr'><em>ὑπερηφάνου.</em></span> <span class='ocrx_word' id='word_1_109' title='bbox 510 2672 579 2745; x_wconf 91' lang='lat' dir='ltr'>Sed</span> <span class='ocrx_word' id='word_1_110' title='bbox 594 2669 679 2746; x_wconf 89' lang='lat' dir='ltr'>haec</span> <span class='ocrx_word' id='word_1_111' title='bbox 694 2675 792 2750; x_wconf 89' lang='lat' dir='ltr'>alias.</span> <span class='ocrx_word' id='word_1_112' title='bbox 828 2673 960 2754; x_wconf 87' lang='lat' dir='ltr'>Doleo,</span> <span class='ocrx_word' id='word_1_113' title='bbox 988 2698 1029 2742; x_wconf 88' lang='lat' dir='ltr'>ex</span> <span class='ocrx_word' id='word_1_114' title='bbox 1045 2669 1110 2742; x_wconf 90' lang='lat' dir='ltr'>hac</span> 
     </span>
     <span class='ocr_line' id='line_1_22' title="bbox 116 2771 1110 2870; baseline -0.003 -24"><span class='ocrx_word' id='word_1_115' title='bbox 116 2775 246 2846; x_wconf 89' lang='lat' dir='ltr'>militia</span> <span class='ocrx_word' id='word_1_116' title='bbox 264 2772 440 2868; x_wconf 86' lang='lat' dir='ltr'>Snepium</span> <span class='ocrx_word' id='word_1_117' title='bbox 457 2771 486 2870; x_wconf 79' lang='lat'>¹)</span> <span class='ocrx_word' id='word_1_118' title='bbox 501 2775 693 2848; x_wconf 90' lang='lat' dir='ltr'>abductum</span> <span class='ocrx_word' id='word_1_119' title='bbox 711 2801 795 2848; x_wconf 87' lang='lat' dir='ltr'>esse.</span> <span class='ocrx_word' id='word_1_120' title='bbox 847 2776 920 2848; x_wconf 87' lang='lat' dir='ltr'>Sed</span> <span class='ocrx_word' id='word_1_121' title='bbox 937 2777 1010 2869; x_wconf 90' lang='lat' dir='ltr'>ipse</span> <span class='ocrx_word' id='word_1_122' title='bbox 1026 2777 1110 2844; x_wconf 90' lang='lat' dir='ltr'>bea-</span> 
     </span>
     <span class='ocr_line' id='line_1_23' title="bbox 115 2873 1109 2962; baseline -0.004 -12"><span class='ocrx_word' id='word_1_123' title='bbox 115 2891 193 2962; x_wconf 89' lang='lat' dir='ltr'>tus,</span> <span class='ocrx_word' id='word_1_124' title='bbox 221 2877 291 2945; x_wconf 89' lang='lat' dir='ltr'>iam</span> <span class='ocrx_word' id='word_1_125' title='bbox 316 2877 450 2946; x_wconf 78' lang='lat' dir='ltr'>fruitur</span> <span class='ocrx_word' id='word_1_126' title='bbox 469 2877 565 2947; x_wconf 90' lang='lat' dir='ltr'>dulci</span> <span class='ocrx_word' id='word_1_127' title='bbox 589 2880 846 2950; x_wconf 87' lang='lat' dir='ltr'>consuetudine</span> <span class='ocrx_word' id='word_1_128' title='bbox 868 2878 1025 2950; x_wconf 88' lang='lat' dir='ltr'>caelestis</span> <span class='ocrx_word' id='word_1_129' title='bbox 1041 2873 1109 2948; x_wconf 89' lang='lat' dir='ltr'>Ec-</span> 
     </span>
     <span class='ocr_line' id='line_1_24' title="bbox 118 2977 1110 3076; baseline -0.004 -25"><span class='ocrx_word' id='word_1_130' title='bbox 118 2979 256 3052; x_wconf 90' lang='lat' dir='ltr'>clesiae.</span> <span class='ocrx_word' id='word_1_131' title='bbox 309 2977 417 3050; x_wconf 89' lang='lat' dir='ltr'>Mitto</span> <span class='ocrx_word' id='word_1_132' title='bbox 435 2979 500 3049; x_wconf 93' lang='lat' dir='ltr'>tibi</span> <span class='ocrx_word' id='word_1_133' title='bbox 517 2981 670 3050; x_wconf 84' lang='lat' dir='ltr'>edictum</span> <span class='ocrx_word' id='word_1_134' title='bbox 686 2983 729 3050; x_wconf 93' lang='lat' dir='ltr'>de</span> <span class='ocrx_word' id='word_1_135' title='bbox 745 2982 871 3076; x_wconf 83' lang='lat' dir='ltr'>funere</span> <span class='ocrx_word' id='word_1_136' title='bbox 888 2980 964 3052; x_wconf 91' lang='lat' dir='ltr'>eius</span> <span class='ocrx_word' id='word_1_137' title='bbox 978 3005 1110 3073; x_wconf 87' lang='lat' dir='ltr'>propo-</span> 
     </span>
     <span class='ocr_line' id='line_1_25' title="bbox 118 3072 1109 3176; baseline -0.003 -24"><span class='ocrx_word' id='word_1_138' title='bbox 118 3083 239 3156; x_wconf 81' lang='lat' dir='ltr'>situm.</span> <span class='ocrx_word' id='word_1_139' title='bbox 290 3072 439 3150; x_wconf 79' lang='lat' dir='ltr'>Petrum</span> <span class='ocrx_word' id='word_1_140' title='bbox 457 3095 617 3152; x_wconf 90' lang='lat' dir='ltr'>nostrum</span> <span class='ocrx_word' id='word_1_141' title='bbox 630 3077 657 3176; x_wconf 83' lang='lat'>³)</span> <span class='ocrx_word' id='word_1_142' title='bbox 674 3087 1003 3154; x_wconf 85' lang='lat' dir='ltr'>commendaveram</span> <span class='ocrx_word' id='word_1_143' title='bbox 1018 3079 1109 3151; x_wconf 85' lang='lat' dir='ltr'>Duri</span> 
     </span>
     <span class='ocr_line' id='line_1_26' title="bbox 121 3179 1109 3276; baseline 0.004 -24"><span class='ocrx_word' id='word_1_144' title='bbox 121 3179 348 3253; x_wconf 86' lang='lat' dir='ltr'>Pomeraniae</span> <span class='ocrx_word' id='word_1_145' title='bbox 362 3184 496 3276; x_wconf 89' lang='lat' dir='ltr'>petenti</span> <span class='ocrx_word' id='word_1_146' title='bbox 509 3183 661 3254; x_wconf 90' lang='lat' dir='ltr'>indicari</span> <span class='ocrx_word' id='word_1_147' title='bbox 677 3185 843 3256; x_wconf 90' lang='lat' dir='ltr'>lectorem</span> <span class='ocrx_word' id='word_1_148' title='bbox 858 3181 1109 3275; x_wconf 89' lang='lat' dir='ltr'>theologicum.</span> 
     </span>
     <span class='ocr_line' id='line_1_27' title="bbox 124 3280 1109 3378; baseline -0.002 -24"><span class='ocrx_word' id='word_1_149' title='bbox 124 3282 192 3354; x_wconf 87' lang='lat' dir='ltr'>Sed</span> <span class='ocrx_word' id='word_1_150' title='bbox 214 3297 334 3378; x_wconf 89' lang='lat' dir='ltr'>postea</span> <span class='ocrx_word' id='word_1_151' title='bbox 358 3309 438 3355; x_wconf 90' lang='lat' dir='ltr'>cum</span> <span class='ocrx_word' id='word_1_152' title='bbox 463 3280 555 3355; x_wconf 90' lang='lat' dir='ltr'>nihil</span> <span class='ocrx_word' id='word_1_153' title='bbox 580 3289 851 3378; x_wconf 88' lang='lat' dir='ltr'>responderent,</span> <span class='ocrx_word' id='word_1_154' title='bbox 876 3285 1109 3357; x_wconf 90' lang='lat' dir='ltr'>animadverti</span> 
     </span>
     <span class='ocr_line' id='line_1_28' title="bbox 118 3383 1109 3480; baseline 0.002 -24"><span class='ocrx_word' id='word_1_155' title='bbox 118 3383 398 3457; x_wconf 88' lang='lat' dir='ltr'>Pomeranorum</span> <span class='ocrx_word' id='word_1_156' title='bbox 413 3387 551 3458; x_wconf 92' lang='lat' dir='ltr'>animos</span> <span class='ocrx_word' id='word_1_157' title='bbox 567 3403 721 3460; x_wconf 89' lang='lat' dir='ltr'>mutatos</span> <span class='ocrx_word' id='word_1_158' title='bbox 737 3413 821 3460; x_wconf 87' lang='lat' dir='ltr'>csse.</span> <span class='ocrx_word' id='word_1_159' title='bbox 857 3387 966 3478; x_wconf 90' lang='lat' dir='ltr'>Quod</span> <span class='ocrx_word' id='word_1_160' title='bbox 985 3412 1048 3480; x_wconf 87' lang='lat' dir='ltr'>ego</span> <span class='ocrx_word' id='word_1_161' title='bbox 1068 3411 1109 3458; x_wconf 92' lang='lat' dir='ltr'>eo</span> 
     </span>
     <span class='ocr_line' id='line_1_29' title="bbox 116 3489 1110 3584; baseline -0.003 -26"><span class='ocrx_word' id='word_1_162' title='bbox 116 3489 194 3559; x_wconf 90' lang='lat' dir='ltr'>fero</span> <span class='ocrx_word' id='word_1_163' title='bbox 213 3489 379 3582; x_wconf 85' lang='lat' dir='ltr'>aequiore</span> <span class='ocrx_word' id='word_1_164' title='bbox 401 3490 543 3574; x_wconf 89' lang='lat' dir='ltr'>animo,</span> <span class='ocrx_word' id='word_1_165' title='bbox 567 3490 651 3584; x_wconf 90' lang='lat' dir='ltr'>quia</span> <span class='ocrx_word' id='word_1_166' title='bbox 678 3491 929 3560; x_wconf 88' lang='lat' dir='ltr'>conscientiam</span> <span class='ocrx_word' id='word_1_167' title='bbox 955 3493 1110 3584; x_wconf 89' lang='lat' dir='ltr'>optimae</span> 
     </span>
     <span class='ocr_line' id='line_1_30' title="bbox 115 3587 1111 3684; baseline -0.001 -26"><span class='ocrx_word' id='word_1_168' title='bbox 115 3591 315 3662; x_wconf 84' lang='lat' dir='ltr'>voluntatis</span> <span class='ocrx_word' id='word_1_169' title='bbox 335 3613 415 3682; x_wconf 90' lang='lat' dir='ltr'>erga</span> <span class='ocrx_word' id='word_1_170' title='bbox 438 3587 632 3661; x_wconf 72' lang='lat' dir='ltr'>Ecclesiam</span> <span class='ocrx_word' id='word_1_171' title='bbox 656 3605 690 3662; x_wconf 88' lang='lat' dir='ltr'>et</span> <span class='ocrx_word' id='word_1_172' title='bbox 712 3591 806 3684; x_wconf 88' lang='lat' dir='ltr'>ipsos</span> <span class='ocrx_word' id='word_1_173' title='bbox 827 3587 955 3666; x_wconf 86' lang='lat' dir='ltr'>habeo.</span> <span class='ocrx_word' id='word_1_174' title='bbox 1008 3589 1111 3662; x_wconf 90' lang='lat' dir='ltr'>Nunc</span> 
     </span>
     <span class='ocr_line' id='line_1_31' title="bbox 113 3685 1111 3786; baseline -0.005 -22"><span class='ocrx_word' id='word_1_175' title='bbox 113 3685 269 3764; x_wconf 84' lang='lat' dir='ltr'>Petrum</span> <span class='ocrx_word' id='word_1_176' title='bbox 293 3695 503 3764; x_wconf 90' lang='lat' dir='ltr'>commendo</span> <span class='ocrx_word' id='word_1_177' title='bbox 524 3691 614 3764; x_wconf 85' lang='lat' dir='ltr'>Duri</span> <span class='ocrx_word' id='word_1_178' title='bbox 630 3691 793 3764; x_wconf 91' lang='lat' dir='ltr'>Prussiae</span> <span class='ocrx_word' id='word_1_179' title='bbox 816 3709 850 3766; x_wconf 91' lang='lat' dir='ltr'>et</span> <span class='ocrx_word' id='word_1_180' title='bbox 871 3719 972 3786; x_wconf 90' lang='lat' dir='ltr'>spero</span> <span class='ocrx_word' id='word_1_181' title='bbox 987 3687 1111 3764; x_wconf 89' lang='lat' dir='ltr'>Eccle-</span> 
     </span>
     <span class='ocr_line' id='line_1_32' title="bbox 114 3786 1115 3896; baseline -0.006 -31"><span class='ocrx_word' id='word_1_182' title='bbox 114 3795 191 3866; x_wconf 86' lang='lat' dir='ltr'>siae</span> <span class='ocrx_word' id='word_1_183' title='bbox 214 3794 435 3886; x_wconf 89' lang='lat' dir='ltr'>profutnram</span> <span class='ocrx_word' id='word_1_184' title='bbox 458 3819 531 3866; x_wconf 89' lang='lat' dir='ltr'>esse</span> <span class='ocrx_word' id='word_1_185' title='bbox 546 3786 718 3864; x_wconf 79' lang='lat' dir='ltr'>Iohanni</span> <span class='ocrx_word' id='word_1_186' title='bbox 733 3791 938 3896; x_wconf 84' lang='lat' dir='ltr'>Aurisahri</span> <span class='ocrx_word' id='word_1_187' title='bbox 960 3811 994 3867; x_wconf 89' lang='lat' dir='ltr'>et</span> <span class='ocrx_word' id='word_1_188' title='bbox 1009 3787 1115 3864; x_wconf 79' lang='lat' dir='ltr'>Petri</span> 
     </span>
     <span class='ocr_line' id='line_1_33' title="bbox 115 3887 1110 3973; baseline -0.005 -4"><span class='ocrx_word' id='word_1_189' title='bbox 115 3897 419 3973; x_wconf 89' lang='lat' dir='ltr'>coniunctionem.</span> <span class='ocrx_word' id='word_1_190' title='bbox 470 3897 568 3970; x_wconf 91' lang='lat' dir='ltr'>Bene</span> <span class='ocrx_word' id='word_1_191' title='bbox 590 3897 667 3968; x_wconf 89' lang='lat' dir='ltr'>vale</span> <span class='ocrx_word' id='word_1_192' title='bbox 688 3911 723 3971; x_wconf 90' lang='lat' dir='ltr'>et</span> <span class='ocrx_word' id='word_1_193' title='bbox 746 3897 909 3972; x_wconf 89' lang='lat' dir='ltr'>rescribe.</span> <span class='ocrx_word' id='word_1_194' title='bbox 959 3895 1028 3968; x_wconf 91' lang='lat' dir='ltr'>Die</span> <span class='ocrx_word' id='word_1_195' title='bbox 1052 3887 1110 3967; x_wconf 80' lang='lat'>14.</span> 
     </span>
     <span class='ocr_line' id='line_1_34' title="bbox 114 3997 342 4073; baseline 0.004 -1"><span class='ocrx_word' id='word_1_196' title='bbox 114 3997 342 4073; x_wconf 81' lang='lat' dir='ltr'>Novembris</span> 
     </span>
     <span class='ocr_line' id='line_1_35' title="bbox 803 4097 1004 4196; baseline -0.01 -22"><span class='ocrx_word' id='word_1_197' title='bbox 803 4097 1004 4196; x_wconf 89' lang='lat' dir='ltr'>Philippus.</span> 
     </span>
    </p>
   </div>
   <div class='ocr_carea' id='block_1_9' title="bbox 664 305 1684 397">
    <p class='ocr_par' dir='ltr' id='par_1_9' title="bbox 664 305 1684 397">
     <span class='ocr_line' id='line_1_36' title="bbox 664 305 1684 397; baseline -0.014 0"><span class='ocrx_word' id='word_1_198' title='bbox 664 311 1096 397; x_wconf 84' lang='lat' dir='ltr'>EPISTOLARUM</span> <span class='ocrx_word' id='word_1_199' title='bbox 1145 305 1254 384; x_wconf 85' lang='lat' dir='ltr'>LlB.</span> <span class='ocrx_word' id='word_1_200' title='bbox 1288 307 1394 392; x_wconf 85' lang='lat' dir='ltr'>Xlll.</span> <span class='ocrx_word' id='word_1_201' title='bbox 1448 305 1578 390; x_wconf 86' lang='grc'><strong>1558.</strong></span> <span class='ocrx_word' id='word_1_202' title='bbox 1680 357 1684 364; x_wconf 87' lang='lat'><em>-</em></span> 
     </span>
    </p>
   </div>
   <div class='ocr_carea' id='block_1_10' title="bbox 2074 319 2149 399">
    <p class='ocr_par' dir='ltr' id='par_1_10' title="bbox 2074 319 2149 399">
     <span class='ocr_line' id='line_1_37' title="bbox 2074 319 2149 399; baseline -0.013 0"><span class='ocrx_word' id='word_1_203' title='bbox 2074 319 2149 399; x_wconf 80' lang='grc'>658</span> 
     </span>
    </p>
   </div>
   <div class='ocr_carea' id='block_1_11' title="bbox 1156 435 2151 811">
    <p class='ocr_par' dir='ltr' id='par_1_11' title="bbox 1156 435 2151 811">
     <span class='ocr_line' id='line_1_38' title="bbox 1157 435 2149 581; baseline 0.015 -29"><span class='ocrx_word' id='word_1_204' title='bbox 1157 473 1373 556; x_wconf 82' lang='lat' dir='ltr'>Reverendo</span> <span class='ocrx_word' id='word_1_205' title='bbox 1390 482 1488 570; x_wconf 77' lang='lat' dir='ltr'>viro,</span> <span class='ocrx_word' id='word_1_206' title='bbox 1513 435 1717 558; x_wconf 74' lang='lat' dir='ltr'>eiuditione</span> <span class='ocrx_word' id='word_1_207' title='bbox 1731 493 1765 559; x_wconf 86' lang='lat' dir='ltr'>et</span> <span class='ocrx_word' id='word_1_208' title='bbox 1782 485 1913 563; x_wconf 82' lang='lat' dir='ltr'>virtute</span> <span class='ocrx_word' id='word_1_209' title='bbox 1958 496 2149 581; x_wconf 81' lang='lat' dir='ltr'>rocstanti,</span> 
     </span>
     <span class='ocr_line' id='line_1_39' title="bbox 1156 517 2151 694; baseline 0.016 -40"><span class='ocrx_word' id='word_1_210' title='bbox 1156 579 1213 660; x_wconf 92' lang='lat' dir='ltr'>D.</span> <span class='ocrx_word' id='word_1_211' title='bbox 1234 581 1264 656; x_wconf 95' lang='lat' dir='ltr'><em>I</em></span> <span class='ocrx_word' id='word_1_212' title='bbox 1271 587 1419 658; x_wconf 84' lang='lat' dir='ltr'>oanni</span> <span class='ocrx_word' id='word_1_213' title='bbox 1440 584 1724 687; x_wconf 76' lang='lat' dir='ltr'>Aurisnbm,</span> <span class='ocrx_word' id='word_1_214' title='bbox 1749 588 1910 665; x_wconf 81' lang='lat' dir='ltr'>Ductori</span> <span class='ocrx_word' id='word_1_215' title='bbox 1922 517 2151 694; x_wconf 54' lang='lat' dir='ltr'>Pheologine</span> 
     </span>
     <span class='ocr_line' id='line_1_40' title="bbox 1157 684 2149 811; baseline 0.018 -55"><span class='ocrx_word' id='word_1_216' title='bbox 1157 684 1216 786; x_wconf 89' lang='lat' dir='ltr'>(in</span> <span class='ocrx_word' id='word_1_217' title='bbox 1230 685 1435 762; x_wconf 78' lang='lat' dir='ltr'>Academia</span> <span class='ocrx_word' id='word_1_218' title='bbox 1448 684 1769 811; x_wconf 76' lang='lat' dir='ltr'>Regiomontona)</span> <span class='ocrx_word' id='word_1_219' title='bbox 1778 694 1906 793; x_wconf 85' lang='lat' dir='ltr'>srutri</span> <span class='ocrx_word' id='word_1_220' title='bbox 1918 723 1986 771; x_wconf 88' lang='lat' dir='ltr'>suo</span> <span class='ocrx_word' id='word_1_221' title='bbox 2004 698 2149 801; x_wconf 71' lang='grc' dir='ltr'>γνησίῳ</span> 
     </span>
    </p>
   </div>
   <div class='ocr_carea' id='block_1_12' title="bbox 1530 801 1781 870">
    <p class='ocr_par' dir='ltr' id='par_1_12' title="bbox 1530 801 1781 870">
     <span class='ocr_line' id='line_1_41' title="bbox 1530 801 1781 870; baseline 0.028 -8"><span class='ocrx_word' id='word_1_222' title='bbox 1530 801 1563 863; x_wconf 82' lang='lat' dir='ltr'>et</span> <span class='ocrx_word' id='word_1_223' title='bbox 1577 816 1781 870; x_wconf 70' lang='lat' dir='ltr'>carissimo.</span> 
     </span>
    </p>
   </div>
   <div class='ocr_carea' id='block_1_13' title="bbox 1156 923 2202 4396">
    <p class='ocr_par' dir='ltr' id='par_1_13' title="bbox 1156 923 2202 3275">
     <span class='ocr_line' id='line_1_42' title="bbox 1158 923 2148 1024; baseline 0.01 -12"><span class='ocrx_word' id='word_1_224' title='bbox 1158 923 1215 1024; x_wconf 58' lang='lat' dir='ltr'>S„</span> <span class='ocrx_word' id='word_1_225' title='bbox 1230 936 1276 1012; x_wconf 91' lang='lat' dir='ltr'>D.</span> <span class='ocrx_word' id='word_1_226' title='bbox 1325 935 1536 1010; x_wconf 88' lang='lat' dir='ltr'>Reverende</span> <span class='ocrx_word' id='word_1_227' title='bbox 1554 939 1611 1010; x_wconf 89' lang='lat' dir='ltr'>vir</span> <span class='ocrx_word' id='word_1_228' title='bbox 1636 955 1670 1012; x_wconf 91' lang='lat' dir='ltr'>et</span> <span class='ocrx_word' id='word_1_229' title='bbox 1693 943 1870 1014; x_wconf 83' lang='lat' dir='ltr'>carissime</span> <span class='ocrx_word' id='word_1_230' title='bbox 1895 941 2014 1022; x_wconf 78' lang='lat' dir='ltr'>frater.</span> <span class='ocrx_word' id='word_1_231' title='bbox 2066 949 2148 1024; x_wconf 90' lang='lat' dir='ltr'>Me·</span> 
     </span>
     <span class='ocr_line' id='line_1_43' title="bbox 1156 1037 2147 1134; baseline 0.014 -24"><span class='ocrx_word' id='word_1_232' title='bbox 1156 1041 1247 1110; x_wconf 92' lang='lat' dir='ltr'>mini</span> <span class='ocrx_word' id='word_1_233' title='bbox 1268 1053 1504 1132; x_wconf 83' lang='lat' dir='ltr'>praestantem</span> <span class='ocrx_word' id='word_1_234' title='bbox 1531 1041 1646 1113; x_wconf 89' lang='lat' dir='ltr'>virum</span> <span class='ocrx_word' id='word_1_235' title='bbox 1662 1037 1936 1134; x_wconf 81' lang='lat' dir='ltr'>Pirlcamerum,</span> <span class='ocrx_word' id='word_1_236' title='bbox 1966 1047 2006 1132; x_wconf 77' lang='grc' dir='ltr'>ὃς</span> <span class='ocrx_word' id='word_1_237' title='bbox 2030 1049 2147 1126; x_wconf 81' lang='grc' dir='ltr'><strong><em>πολλὰ</em></strong></span> 
     </span>
     <span class='ocr_line' id='line_1_44' title="bbox 1157 1135 2147 1243; baseline 0.012 -29"><span class='ocrx_word' id='word_1_238' title='bbox 1157 1136 1296 1214; x_wconf 76' lang='grc' dir='ltr'><strong><em>παλαιά</em></strong></span> <span class='ocrx_word' id='word_1_239' title='bbox 1312 1167 1351 1214; x_wconf 82' lang='grc' dir='ltr'>τε</span> <span class='ocrx_word' id='word_1_240' title='bbox 1366 1135 1504 1237; x_wconf 64' lang='grc' dir='ltr'>ᾔδη’),</span> <span class='ocrx_word' id='word_1_241' title='bbox 1532 1147 1734 1238; x_wconf 90' lang='lat' dir='ltr'>praedicere</span> <span class='ocrx_word' id='word_1_242' title='bbox 1751 1149 1971 1240; x_wconf 90' lang='lat' dir='ltr'>eruptionem</span> <span class='ocrx_word' id='word_1_243' title='bbox 1988 1155 2147 1243; x_wconf 91' lang='lat' dir='ltr'>gentium</span> 
     </span>
     <span class='ocr_line' id='line_1_45' title="bbox 1158 1240 2147 1348; baseline 0.009 -30"><span class='ocrx_word' id='word_1_244' title='bbox 1158 1240 1404 1340; x_wconf 87' lang='lat' dir='ltr'>Scythicarum</span> <span class='ocrx_word' id='word_1_245' title='bbox 1427 1245 1465 1313; x_wconf 92' lang='lat' dir='ltr'>in</span> <span class='ocrx_word' id='word_1_246' title='bbox 1488 1247 1640 1316; x_wconf 91' lang='lat' dir='ltr'>mediam</span> <span class='ocrx_word' id='word_1_247' title='bbox 1661 1245 1863 1342; x_wconf 85' lang='lat' dir='ltr'>Europam:</span> <span class='ocrx_word' id='word_1_248' title='bbox 1891 1257 1985 1346; x_wconf 88' lang='lat' dir='ltr'>qnod</span> <span class='ocrx_word' id='word_1_249' title='bbox 2002 1258 2147 1348; x_wconf 86' lang='lat' dir='ltr'>quidem</span> 
     </span>
     <span class='ocr_line' id='line_1_46' title="bbox 1158 1345 2178 1446; baseline 0.014 -30"><span class='ocrx_word' id='word_1_250' title='bbox 1158 1350 1203 1417; x_wconf 94' lang='lat' dir='ltr'>de</span> <span class='ocrx_word' id='word_1_251' title='bbox 1230 1345 1358 1417; x_wconf 89' lang='lat' dir='ltr'>Turcis</span> <span class='ocrx_word' id='word_1_252' title='bbox 1391 1359 1476 1418; x_wconf 90' lang='lat' dir='ltr'>tnnc</span> <span class='ocrx_word' id='word_1_253' title='bbox 1508 1349 1808 1439; x_wconf 86' lang='lat' dir='ltr'>intelligebamus,</span> <span class='ocrx_word' id='word_1_254' title='bbox 1842 1353 1904 1446; x_wconf 93' lang='lat' dir='ltr'>qui</span> <span class='ocrx_word' id='word_1_255' title='bbox 1933 1355 2090 1428; x_wconf 80' lang='lat' dir='ltr'>fortassis</span> <span class='ocrx_word' id='word_1_256' title='bbox 2113 1371 2149 1431; x_wconf 88' lang='lat' dir='ltr'>et</span> <span class='ocrx_word' id='word_1_257' title='bbox 2176 1433 2178 1442; x_wconf 72' lang='grc'>,</span> 
     </span>
     <span class='ocr_line' id='line_1_47' title="bbox 1159 1447 2149 1544; baseline 0.013 -26"><span class='ocrx_word' id='word_1_258' title='bbox 1159 1447 1328 1519; x_wconf 86' lang='lat' dir='ltr'>Tartarus</span> <span class='ocrx_word' id='word_1_259' title='bbox 1355 1449 1582 1525; x_wconf 83' lang='lat' dir='ltr'>adducerent.</span> <span class='ocrx_word' id='word_1_260' title='bbox 1640 1449 1709 1522; x_wconf 89' lang='lat' dir='ltr'>Sed</span> <span class='ocrx_word' id='word_1_261' title='bbox 1742 1453 1803 1524; x_wconf 90' lang='lat' dir='ltr'>ille</span> <span class='ocrx_word' id='word_1_262' title='bbox 1832 1469 1968 1544; x_wconf 90' lang='lat' dir='ltr'>praeter</span> <span class='ocrx_word' id='word_1_263' title='bbox 1995 1457 2149 1532; x_wconf 89' lang='lat' dir='ltr'>Turcica</span> 
     </span>
     <span class='ocr_line' id='line_1_48' title="bbox 1158 1551 2149 1644; baseline 0.01 -22"><span class='ocrx_word' id='word_1_264' title='bbox 1158 1551 1253 1622; x_wconf 93' lang='lat' dir='ltr'>bella</span> <span class='ocrx_word' id='word_1_265' title='bbox 1275 1551 1380 1622; x_wconf 89' lang='lat' dir='ltr'>etiam</span> <span class='ocrx_word' id='word_1_266' title='bbox 1403 1551 1554 1622; x_wconf 90' lang='lat' dir='ltr'>aliarum</span> <span class='ocrx_word' id='word_1_267' title='bbox 1579 1553 1735 1642; x_wconf 89' lang='lat' dir='ltr'>gentium</span> <span class='ocrx_word' id='word_1_268' title='bbox 1759 1557 1987 1644; x_wconf 76' lang='lat' dir='ltr'>migrationes</span> <span class='ocrx_word' id='word_1_269' title='bbox 2012 1563 2149 1634; x_wconf 89' lang='lat' dir='ltr'>futuras</span> 
     </span>
     <span class='ocr_line' id='line_1_49' title="bbox 1159 1651 2149 1756; baseline 0.012 -34"><span class='ocrx_word' id='word_1_270' title='bbox 1159 1675 1232 1722; x_wconf 86' lang='lat' dir='ltr'>esse</span> <span class='ocrx_word' id='word_1_271' title='bbox 1256 1653 1488 1723; x_wconf 81' lang='lat' dir='ltr'>existimabat.</span> <span class='ocrx_word' id='word_1_272' title='bbox 1540 1653 1580 1726; x_wconf 85' lang='lat' dir='ltr'>si</span> <span class='ocrx_word' id='word_1_273' title='bbox 1604 1653 1770 1752; x_wconf 90' lang='lat' dir='ltr'>Mosynoi</span> <span class='ocrx_word' id='word_1_274' title='bbox 1788 1651 1852 1756; x_wconf 73' lang='lat'>[3],</span> <span class='ocrx_word' id='word_1_275' title='bbox 1887 1661 1949 1752; x_wconf 92' lang='lat' dir='ltr'>qni</span> <span class='ocrx_word' id='word_1_276' title='bbox 1974 1685 1992 1730; x_wconf 89' lang='lat' dir='ltr'>a</span> <span class='ocrx_word' id='word_1_277' title='bbox 2016 1665 2149 1734; x_wconf 92' lang='lat' dir='ltr'>nostris</span> 
     </span>
     <span class='ocr_line' id='line_1_50' title="bbox 1159 1753 2149 1852; baseline 0.01 -27"><span class='ocrx_word' id='word_1_278' title='bbox 1159 1753 1335 1825; x_wconf 89' lang='lat' dir='ltr'>Moscovii</span> <span class='ocrx_word' id='word_1_279' title='bbox 1351 1756 1603 1840; x_wconf 91' lang='lat' dir='ltr'>nominantur,</span> <span class='ocrx_word' id='word_1_280' title='bbox 1625 1755 1814 1828; x_wconf 89' lang='lat' dir='ltr'>Livoniam</span> <span class='ocrx_word' id='word_1_281' title='bbox 1838 1763 2083 1852; x_wconf 90' lang='lat' dir='ltr'>occupabunt,</span> <span class='ocrx_word' id='word_1_282' title='bbox 2109 1766 2149 1835; x_wconf 94' lang='lat' dir='ltr'>in</span> 
     </span>
     <span class='ocr_line' id='line_1_51' title="bbox 1159 1857 2150 1938; baseline 0.009 -10"><span class='ocrx_word' id='word_1_283' title='bbox 1159 1870 1273 1928; x_wconf 91' lang='lat' dir='ltr'>totum</span> <span class='ocrx_word' id='word_1_284' title='bbox 1299 1858 1399 1928; x_wconf 90' lang='lat' dir='ltr'>littus</span> <span class='ocrx_word' id='word_1_285' title='bbox 1412 1857 1583 1930; x_wconf 82' lang='lat' dir='ltr'>Arctoum</span> <span class='ocrx_word' id='word_1_286' title='bbox 1604 1859 1665 1928; x_wconf 91' lang='lat' dir='ltr'>illa</span> <span class='ocrx_word' id='word_1_287' title='bbox 1688 1861 1868 1932; x_wconf 88' lang='lat' dir='ltr'>barbaries</span> <span class='ocrx_word' id='word_1_288' title='bbox 1883 1863 2019 1938; x_wconf 84' lang='lat' dir='ltr'>influet.</span> <span class='ocrx_word' id='word_1_289' title='bbox 2070 1863 2150 1936; x_wconf 87' lang='lat' dir='ltr'>Etsi</span> 
     </span>
     <span class='ocr_line' id='line_1_52' title="bbox 1160 1953 2151 2059; baseline 0.007 -29"><span class='ocrx_word' id='word_1_290' title='bbox 1160 1971 1276 2030; x_wconf 87' lang='lat' dir='ltr'>autern</span> <span class='ocrx_word' id='word_1_291' title='bbox 1290 1953 1376 2028; x_wconf 83' lang='lat' dir='ltr'>haec</span> <span class='ocrx_word' id='word_1_292' title='bbox 1389 1961 1511 2052; x_wconf 91' lang='lat' dir='ltr'>paucis</span> <span class='ocrx_word' id='word_1_293' title='bbox 1527 1985 1630 2031; x_wconf 91' lang='lat' dir='ltr'>curae</span> <span class='ocrx_word' id='word_1_294' title='bbox 1645 1977 1745 2046; x_wconf 90' lang='lat' dir='ltr'>sunt,</span> <span class='ocrx_word' id='word_1_295' title='bbox 1771 1977 1888 2034; x_wconf 88' lang='lat' dir='ltr'>tamen</span> <span class='ocrx_word' id='word_1_296' title='bbox 1906 1989 1968 2054; x_wconf 86' lang='lat' dir='ltr'>ego</span> <span class='ocrx_word' id='word_1_297' title='bbox 1987 1969 2151 2059; x_wconf 86' lang='lat' dir='ltr'>optarim,</span> 
     </span>
     <span class='ocr_line' id='line_1_53' title="bbox 1160 2061 2150 2161; baseline 0.009 -31"><span class='ocrx_word' id='word_1_298' title='bbox 1160 2075 1300 2132; x_wconf 91' lang='lat' dir='ltr'>nostros</span> <span class='ocrx_word' id='word_1_299' title='bbox 1322 2061 1510 2131; x_wconf 88' lang='lat' dir='ltr'>bellatores</span> <span class='ocrx_word' id='word_1_300' title='bbox 1540 2064 1659 2156; x_wconf 94' lang='lat' dir='ltr'>potius</span> <span class='ocrx_word' id='word_1_301' title='bbox 1689 2065 1787 2134; x_wconf 90' lang='lat' dir='ltr'>illam</span> <span class='ocrx_word' id='word_1_302' title='bbox 1810 2067 2009 2138; x_wconf 89' lang='lat' dir='ltr'>barbariem</span> <span class='ocrx_word' id='word_1_303' title='bbox 2035 2071 2150 2161; x_wconf 87' lang='lat' dir='ltr'>repri-</span> 
     </span>
     <span class='ocr_line' id='line_1_54' title="bbox 1160 2163 2151 2263; baseline 0.013 -32"><span class='ocrx_word' id='word_1_304' title='bbox 1160 2187 1274 2248; x_wconf 90' lang='lat' dir='ltr'>mere,</span> <span class='ocrx_word' id='word_1_305' title='bbox 1300 2187 1406 2255; x_wconf 88' lang='lat' dir='ltr'>qnam</span> <span class='ocrx_word' id='word_1_306' title='bbox 1424 2163 1599 2254; x_wconf 90' lang='lat' dir='ltr'>stipendia</span> <span class='ocrx_word' id='word_1_307' title='bbox 1615 2163 1753 2236; x_wconf 89' lang='lat' dir='ltr'>Gallica</span> <span class='ocrx_word' id='word_1_308' title='bbox 1772 2181 1806 2237; x_wconf 92' lang='lat' dir='ltr'>et</span> <span class='ocrx_word' id='word_1_309' title='bbox 1819 2165 1961 2259; x_wconf 86' lang='lat' dir='ltr'>Belgica</span> <span class='ocrx_word' id='word_1_310' title='bbox 1976 2185 2151 2263; x_wconf 86' lang='lat' dir='ltr'>appetere.</span> 
     </span>
     <span class='ocr_line' id='line_1_55' title="bbox 1161 2259 2152 2360; baseline 0.008 -24"><span class='ocrx_word' id='word_1_311' title='bbox 1161 2265 1233 2337; x_wconf 90' lang='lat' dir='ltr'>Sed</span> <span class='ocrx_word' id='word_1_312' title='bbox 1248 2259 1333 2334; x_wconf 86' lang='lat' dir='ltr'>haec</span> <span class='ocrx_word' id='word_1_313' title='bbox 1347 2261 1424 2334; x_wconf 88' lang='lat' dir='ltr'>Deo</span> <span class='ocrx_word' id='word_1_314' title='bbox 1440 2268 1737 2352; x_wconf 87' lang='lat' dir='ltr'>commendemus,</span> <span class='ocrx_word' id='word_1_315' title='bbox 1763 2283 1796 2338; x_wconf 90' lang='lat' dir='ltr'>et</span> <span class='ocrx_word' id='word_1_316' title='bbox 1809 2293 2001 2360; x_wconf 89' lang='lat' dir='ltr'>speremus,</span> <span class='ocrx_word' id='word_1_317' title='bbox 2026 2269 2152 2344; x_wconf 86' lang='lat' dir='ltr'>Eccle-</span> 
     </span>
     <span class='ocr_line' id='line_1_56' title="bbox 1162 2362 2152 2459; baseline 0.009 -23"><span class='ocrx_word' id='word_1_318' title='bbox 1162 2368 1233 2436; x_wconf 88' lang='lat' dir='ltr'>siae</span> <span class='ocrx_word' id='word_1_319' title='bbox 1248 2365 1416 2459; x_wconf 88' lang='lat' dir='ltr'>reliquias</span> <span class='ocrx_word' id='word_1_320' title='bbox 1429 2367 1522 2438; x_wconf 88' lang='lat' dir='ltr'>inter</span> <span class='ocrx_word' id='word_1_321' title='bbox 1538 2362 1601 2438; x_wconf 87' lang='lat' dir='ltr'>has</span> <span class='ocrx_word' id='word_1_322' title='bbox 1617 2369 1774 2458; x_wconf 89' lang='lat' dir='ltr'>gentium</span> <span class='ocrx_word' id='word_1_323' title='bbox 1792 2373 2016 2442; x_wconf 88' lang='lat' dir='ltr'>confusiones</span> <span class='ocrx_word' id='word_1_324' title='bbox 2032 2397 2152 2445; x_wconf 82' lang='lat' dir='ltr'>serva-</span> 
     </span>
     <span class='ocr_line' id='line_1_57' title="bbox 1163 2465 2202 2562; baseline 0.006 -22"><span class='ocrx_word' id='word_1_325' title='bbox 1163 2484 1283 2542; x_wconf 91' lang='lat' dir='ltr'>turum</span> <span class='ocrx_word' id='word_1_326' title='bbox 1309 2491 1400 2554; x_wconf 90' lang='lat' dir='ltr'>esse,</span> <span class='ocrx_word' id='word_1_327' title='bbox 1431 2483 1465 2540; x_wconf 90' lang='lat' dir='ltr'>et</span> <span class='ocrx_word' id='word_1_328' title='bbox 1487 2481 1666 2562; x_wconf 88' lang='lat' dir='ltr'>petamus,</span> <span class='ocrx_word' id='word_1_329' title='bbox 1700 2485 1740 2542; x_wconf 91' lang='lat' dir='ltr'>ut</span> <span class='ocrx_word' id='word_1_330' title='bbox 1767 2487 1905 2542; x_wconf 86' lang='lat' dir='ltr'>nostras</span> <span class='ocrx_word' id='word_1_331' title='bbox 1934 2475 2086 2544; x_wconf 85' lang='lat' dir='ltr'>familias</span> <span class='ocrx_word' id='word_1_332' title='bbox 2112 2477 2152 2546; x_wconf 92' lang='lat' dir='ltr'>in</span> <span class='ocrx_word' id='word_1_333' title='bbox 2199 2465 2202 2488; x_wconf 60' lang='lat'>⁸</span> 
     </span>
     <span class='ocr_line' id='line_1_58' title="bbox 1160 2567 2153 2669; baseline 0.006 -27"><span class='ocrx_word' id='word_1_334' title='bbox 1160 2567 1318 2642; x_wconf 84' lang='lat' dir='ltr'>Ecclesia</span> <span class='ocrx_word' id='word_1_335' title='bbox 1339 2583 1455 2642; x_wconf 87' lang='lat' dir='ltr'>servet</span> <span class='ocrx_word' id='word_1_336' title='bbox 1476 2586 1511 2642; x_wconf 89' lang='lat' dir='ltr'>et</span> <span class='ocrx_word' id='word_1_337' title='bbox 1533 2585 1707 2663; x_wconf 88' lang='lat' dir='ltr'>protegat,</span> <span class='ocrx_word' id='word_1_338' title='bbox 1727 2597 1807 2644; x_wconf 91' lang='lat' dir='ltr'>cum</span> <span class='ocrx_word' id='word_1_339' title='bbox 1825 2575 1968 2669; x_wconf 90' lang='lat' dir='ltr'>quidem</span> <span class='ocrx_word' id='word_1_340' title='bbox 1990 2577 2153 2659; x_wconf 89' lang='lat' dir='ltr'>sciamus,</span> 
     </span>
     <span class='ocr_line' id='line_1_59' title="bbox 1162 2667 2152 2750; baseline 0.006 -6"><span class='ocrx_word' id='word_1_341' title='bbox 1162 2667 1254 2744; x_wconf 89' lang='lat' dir='ltr'>hanc</span> <span class='ocrx_word' id='word_1_342' title='bbox 1272 2689 1446 2744; x_wconf 88' lang='lat' dir='ltr'>senectam</span> <span class='ocrx_word' id='word_1_343' title='bbox 1463 2675 1590 2744; x_wconf 86' lang='lat' dir='ltr'>muudi</span> <span class='ocrx_word' id='word_1_344' title='bbox 1606 2699 1679 2745; x_wconf 93' lang='lat' dir='ltr'>non</span> <span class='ocrx_word' id='word_1_345' title='bbox 1697 2677 1790 2746; x_wconf 90' lang='lat' dir='ltr'>leves</span> <span class='ocrx_word' id='word_1_346' title='bbox 1808 2678 1981 2748; x_wconf 89' lang='lat' dir='ltr'>tumultus</span> <span class='ocrx_word' id='word_1_347' title='bbox 2006 2673 2152 2750; x_wconf 87' lang='lat' dir='ltr'>habitu·</span> 
     </span>
     <span class='ocr_line' id='line_1_60' title="bbox 1161 2771 2153 2870; baseline 0.003 -22"><span class='ocrx_word' id='word_1_348' title='bbox 1161 2799 1340 2848; x_wconf 90' lang='lat' dir='ltr'>ramesse.</span> <span class='ocrx_word' id='word_1_349' title='bbox 1391 2771 1488 2844; x_wconf 88' lang='lat' dir='ltr'>Haec</span> <span class='ocrx_word' id='word_1_350' title='bbox 1503 2777 1546 2846; x_wconf 90' lang='lat' dir='ltr'>ad</span> <span class='ocrx_word' id='word_1_351' title='bbox 1563 2801 1639 2846; x_wconf 93' lang='lat' dir='ltr'>eam</span> <span class='ocrx_word' id='word_1_352' title='bbox 1657 2776 1790 2868; x_wconf 87' lang='lat' dir='ltr'>partem</span> <span class='ocrx_word' id='word_1_353' title='bbox 1808 2792 1889 2848; x_wconf 89' lang='lat' dir='ltr'>tuae</span> <span class='ocrx_word' id='word_1_354' title='bbox 1908 2780 2087 2870; x_wconf 88' lang='lat' dir='ltr'>epistolae,</span> <span class='ocrx_word' id='word_1_355' title='bbox 2114 2783 2153 2852; x_wconf 94' lang='lat' dir='ltr'>in</span> 
     </span>
     <span class='ocr_line' id='line_1_61' title="bbox 1162 2875 2152 2972; baseline 0.007 -25"><span class='ocrx_word' id='word_1_356' title='bbox 1162 2903 1231 2972; x_wconf 89' lang='lat' dir='ltr'>qua</span> <span class='ocrx_word' id='word_1_357' title='bbox 1254 2875 1470 2947; x_wconf 84' lang='lat' dir='ltr'>mentionem</span> <span class='ocrx_word' id='word_1_358' title='bbox 1501 2878 1588 2948; x_wconf 91' lang='lat' dir='ltr'>facis</span> <span class='ocrx_word' id='word_1_359' title='bbox 1610 2877 1774 2952; x_wconf 87' lang='lat' dir='ltr'>Livonici</span> <span class='ocrx_word' id='word_1_360' title='bbox 1803 2881 1906 2964; x_wconf 90' lang='lat' dir='ltr'>belli,</span> <span class='ocrx_word' id='word_1_361' title='bbox 1939 2885 2152 2972; x_wconf 88' lang='lat' dir='ltr'>respondere</span> 
     </span>
     <span class='ocr_line' id='line_1_62' title="bbox 1163 2979 2153 3072; baseline 0.007 -24"><span class='ocrx_word' id='word_1_362' title='bbox 1163 2980 1280 3062; x_wconf 89' lang='lat' dir='ltr'>volui,</span> <span class='ocrx_word' id='word_1_363' title='bbox 1305 2993 1346 3050; x_wconf 90' lang='lat' dir='ltr'>ut</span> <span class='ocrx_word' id='word_1_364' title='bbox 1359 2979 1467 3064; x_wconf 89' lang='lat' dir='ltr'>scias,</span> <span class='ocrx_word' id='word_1_365' title='bbox 1492 3003 1549 3050; x_wconf 90' lang='lat' dir='ltr'>me</span> <span class='ocrx_word' id='word_1_366' title='bbox 1566 2982 1738 3072; x_wconf 88' lang='lat' dir='ltr'>accepisse</span> <span class='ocrx_word' id='word_1_367' title='bbox 1763 2981 1881 3052; x_wconf 89' lang='lat' dir='ltr'>literas</span> <span class='ocrx_word' id='word_1_368' title='bbox 1898 2984 2043 3054; x_wconf 87' lang='lat' dir='ltr'>traditas</span> <span class='ocrx_word' id='word_1_369' title='bbox 2057 3008 2153 3055; x_wconf 89' lang='lat' dir='ltr'>nnu-</span> 
     </span>
     <span class='ocr_line' id='line_1_63' title="bbox 1162 3076 2152 3177; baseline 0.006 -27"><span class='ocrx_word' id='word_1_370' title='bbox 1162 3083 1217 3152; x_wconf 95' lang='lat' dir='ltr'>cio</span> <span class='ocrx_word' id='word_1_371' title='bbox 1249 3076 1421 3150; x_wconf 72' lang='lat' dir='ltr'>Erusmi&#39;</span> <span class='ocrx_word' id='word_1_372' title='bbox 1442 3079 1693 3158; x_wconf 89' lang='lat' dir='ltr'>Salveldensis.</span> <span class='ocrx_word' id='word_1_373' title='bbox 1743 3081 1796 3154; x_wconf 90' lang='lat' dir='ltr'>De</span> <span class='ocrx_word' id='word_1_374' title='bbox 1829 3085 1972 3154; x_wconf 88' lang='lat' dir='ltr'>caeteris</span> <span class='ocrx_word' id='word_1_375' title='bbox 2001 3088 2152 3177; x_wconf 88' lang='lat' dir='ltr'>negotiis</span> 
     </span>
     <span class='ocr_line' id='line_1_64' title="bbox 1162 3183 1504 3275; baseline 0.009 -21"><span class='ocrx_word' id='word_1_376' title='bbox 1162 3184 1250 3254; x_wconf 89' lang='lat' dir='ltr'>alias</span> <span class='ocrx_word' id='word_1_377' title='bbox 1270 3183 1504 3275; x_wconf 89' lang='lat' dir='ltr'>respondebo.</span> 
     </span>
    </p>

    <p class='ocr_par' dir='ltr' id='par_1_14' title="bbox 1162 3281 2156 4396">
     <span class='ocr_line' id='line_1_65' title="bbox 1264 3281 2156 3378; baseline 0.004 -22"><span class='ocrx_word' id='word_1_378' title='bbox 1264 3285 1369 3356; x_wconf 88' lang='lat' dir='ltr'>Nunc</span> <span class='ocrx_word' id='word_1_379' title='bbox 1398 3285 1465 3354; x_wconf 91' lang='lat' dir='ltr'>tibi</span> <span class='ocrx_word' id='word_1_380' title='bbox 1490 3288 1700 3358; x_wconf 91' lang='lat' dir='ltr'>commendo</span> <span class='ocrx_word' id='word_1_381' title='bbox 1730 3281 1827 3358; x_wconf 90' lang='lat' dir='ltr'>hunc</span> <span class='ocrx_word' id='word_1_382' title='bbox 1850 3285 2061 3378; x_wconf 83' lang='lat' dir='ltr'>Magistrum</span> <span class='ocrx_word' id='word_1_383' title='bbox 2085 3284 2156 3360; x_wconf 82' lang='lat' dir='ltr'>Pc-</span> 
     </span>
     <span class='ocr_line' id='line_1_66' title="bbox 1163 3382 2154 3484; baseline 0.007 -28"><span class='ocrx_word' id='word_1_384' title='bbox 1163 3394 1262 3458; x_wconf 83' lang='lat' dir='ltr'>trum</span> <span class='ocrx_word' id='word_1_385' title='bbox 1277 3382 1460 3469; x_wconf 69' lang='lat' dir='ltr'>Sicinium,</span> <span class='ocrx_word' id='word_1_386' title='bbox 1486 3389 1603 3458; x_wconf 92' lang='lat' dir='ltr'>virum</span> <span class='ocrx_word' id='word_1_387' title='bbox 1619 3383 1819 3474; x_wconf 84' lang='lat' dir='ltr'>honestum,</span> <span class='ocrx_word' id='word_1_388' title='bbox 1846 3392 2024 3460; x_wconf 87' lang='lat' dir='ltr'>eruditum</span> <span class='ocrx_word' id='word_1_389' title='bbox 2042 3405 2077 3462; x_wconf 88' lang='lat' dir='ltr'>et</span> <span class='ocrx_word' id='word_1_390' title='bbox 2090 3417 2154 3484; x_wconf 89' lang='lat' dir='ltr'>pa·</span> 
     </span>
     <span class='ocr_line' id='line_1_67' title="bbox 1163 3489 2154 3572; baseline 0.004 -13"><span class='ocrx_word' id='word_1_391' title='bbox 1163 3489 1213 3559; x_wconf 93' lang='lat' dir='ltr'>cis</span> <span class='ocrx_word' id='word_1_392' title='bbox 1233 3503 1430 3572; x_wconf 89' lang='lat' dir='ltr'>amantem,</span> <span class='ocrx_word' id='word_1_393' title='bbox 1463 3513 1503 3560; x_wconf 88' lang='lat' dir='ltr'>ac</span> <span class='ocrx_word' id='word_1_394' title='bbox 1528 3503 1621 3560; x_wconf 90' lang='lat' dir='ltr'>recte</span> <span class='ocrx_word' id='word_1_395' title='bbox 1642 3491 1849 3560; x_wconf 87' lang='lat' dir='ltr'>sentientem</span> <span class='ocrx_word' id='word_1_396' title='bbox 1875 3494 1919 3560; x_wconf 93' lang='lat' dir='ltr'>de</span> <span class='ocrx_word' id='word_1_397' title='bbox 1939 3505 2012 3563; x_wconf 87' lang='lat' dir='ltr'>tota</span> <span class='ocrx_word' id='word_1_398' title='bbox 2028 3489 2154 3563; x_wconf 86' lang='lat' dir='ltr'>Eccle-</span> 
     </span>
     <span class='ocr_line' id='line_1_68' title="bbox 1162 3591 2154 3686; baseline 0.005 -27"><span class='ocrx_word' id='word_1_399' title='bbox 1162 3591 1233 3660; x_wconf 87' lang='lat' dir='ltr'>siae</span> <span class='ocrx_word' id='word_1_400' title='bbox 1260 3591 1442 3674; x_wconf 89' lang='lat' dir='ltr'>doctrina,</span> <span class='ocrx_word' id='word_1_401' title='bbox 1470 3591 1515 3660; x_wconf 91' lang='lat' dir='ltr'>de</span> <span class='ocrx_word' id='word_1_402' title='bbox 1545 3615 1617 3683; x_wconf 92' lang='lat' dir='ltr'>quo</span> <span class='ocrx_word' id='word_1_403' title='bbox 1649 3605 1683 3660; x_wconf 91' lang='lat' dir='ltr'>et</span> <span class='ocrx_word' id='word_1_404' title='bbox 1716 3595 1759 3658; x_wconf 88' lang='lat' dir='ltr'>ad</span> <span class='ocrx_word' id='word_1_405' title='bbox 1788 3591 1989 3682; x_wconf 90' lang='lat' dir='ltr'>Principem</span> <span class='ocrx_word' id='word_1_406' title='bbox 2016 3595 2154 3686; x_wconf 88' lang='lat' dir='ltr'>scripsi.</span> 
     </span>
     <span class='ocr_line' id='line_1_69' title="bbox 1163 3689 2154 3786; baseline 0.006 -24"><span class='ocrx_word' id='word_1_407' title='bbox 1163 3690 1253 3762; x_wconf 86' lang='lat' dir='ltr'>Nam</span> <span class='ocrx_word' id='word_1_408' title='bbox 1283 3693 1323 3760; x_wconf 94' lang='lat' dir='ltr'>in</span> <span class='ocrx_word' id='word_1_409' title='bbox 1354 3691 1487 3776; x_wconf 86' lang='lat' dir='ltr'>literis,</span> <span class='ocrx_word' id='word_1_410' title='bbox 1518 3714 1605 3784; x_wconf 86' lang='lat' dir='ltr'>quas</span> <span class='ocrx_word' id='word_1_411' title='bbox 1630 3689 1893 3762; x_wconf 88' lang='lat' dir='ltr'>Illustrissimus</span> <span class='ocrx_word' id='word_1_412' title='bbox 1916 3691 2085 3786; x_wconf 85' lang='lat' dir='ltr'>Princeps</span> <span class='ocrx_word' id='word_1_413' title='bbox 2108 3699 2154 3768; x_wconf 84' lang='lat' dir='ltr'>ad</span> 
     </span>
     <span class='ocr_line' id='line_1_70' title="bbox 1162 3788 2154 3884; baseline 0.005 -21"><span class='ocrx_word' id='word_1_414' title='bbox 1162 3788 1299 3864; x_wconf 87' lang='lat' dir='ltr'>Ionum</span> <span class='ocrx_word' id='word_1_415' title='bbox 1320 3816 1383 3863; x_wconf 89' lang='lat' dir='ltr'>sua</span> <span class='ocrx_word' id='word_1_416' title='bbox 1406 3815 1516 3864; x_wconf 89' lang='lat' dir='ltr'>manu</span> <span class='ocrx_word' id='word_1_417' title='bbox 1539 3794 1679 3884; x_wconf 89' lang='lat' dir='ltr'>scripsit</span> <span class='ocrx_word' id='word_1_418' title='bbox 1692 3794 1842 3884; x_wconf 90' lang='lat' dir='ltr'>petitum</span> <span class='ocrx_word' id='word_1_419' title='bbox 1857 3808 1925 3874; x_wconf 91' lang='lat' dir='ltr'>est,</span> <span class='ocrx_word' id='word_1_420' title='bbox 1952 3809 1993 3865; x_wconf 91' lang='lat' dir='ltr'>ot</span> <span class='ocrx_word' id='word_1_421' title='bbox 2015 3796 2154 3868; x_wconf 87' lang='lat' dir='ltr'>indica-</span> 
     </span>
     <span class='ocr_line' id='line_1_71' title="bbox 1163 3889 2154 3986; baseline 0.003 -20"><span class='ocrx_word' id='word_1_422' title='bbox 1163 3917 1238 3966; x_wconf 89' lang='lat' dir='ltr'>rem</span> <span class='ocrx_word' id='word_1_423' title='bbox 1254 3896 1371 3965; x_wconf 90' lang='lat' dir='ltr'>virum</span> <span class='ocrx_word' id='word_1_424' title='bbox 1395 3895 1564 3964; x_wconf 90' lang='lat' dir='ltr'>idoneum</span> <span class='ocrx_word' id='word_1_425' title='bbox 1589 3897 1633 3964; x_wconf 92' lang='lat' dir='ltr'>ad</span> <span class='ocrx_word' id='word_1_426' title='bbox 1655 3895 1843 3966; x_wconf 89' lang='lat' dir='ltr'>lectionem</span> <span class='ocrx_word' id='word_1_427' title='bbox 1866 3889 2097 3986; x_wconf 82' lang='lat' dir='ltr'>theologicam</span> <span class='ocrx_word' id='word_1_428' title='bbox 2112 3901 2154 3970; x_wconf 90' lang='lat' dir='ltr'>in</span> 
     </span>
     <span class='ocr_line' id='line_1_72' title="bbox 1163 3993 2154 4072; baseline 0.004 -4"><span class='ocrx_word' id='word_1_429' title='bbox 1163 3995 1354 4071; x_wconf 82' lang='lat' dir='ltr'>Academia</span> <span class='ocrx_word' id='word_1_430' title='bbox 1377 4010 1503 4066; x_wconf 85' lang='lat' dir='ltr'>vestra.</span> <span class='ocrx_word' id='word_1_431' title='bbox 1554 3993 1664 4066; x_wconf 88' lang='lat' dir='ltr'>Eram</span> <span class='ocrx_word' id='word_1_432' title='bbox 1687 3997 1908 4068; x_wconf 87' lang='lat' dir='ltr'>indicaturus</span> <span class='ocrx_word' id='word_1_433' title='bbox 1929 3993 2154 4072; x_wconf 79' lang='lat' dir='ltr'>Erlturdum</span> 
     </span>
     <span class='ocr_line' id='line_1_73' title="bbox 1164 4093 2153 4196; baseline 0.005 -26"><span class='ocrx_word' id='word_1_434' title='bbox 1164 4093 1383 4196; x_wconf 82' lang='lat' dir='ltr'>Sneppium3</span> <span class='ocrx_word' id='word_1_435' title='bbox 1409 4102 1471 4168; x_wconf 91' lang='lat' dir='ltr'>sed</span> <span class='ocrx_word' id='word_1_436' title='bbox 1494 4123 1589 4168; x_wconf 90' lang='lat' dir='ltr'>mors</span> <span class='ocrx_word' id='word_1_437' title='bbox 1612 4101 1717 4170; x_wconf 88' lang='lat' dir='ltr'>nobis</span> <span class='ocrx_word' id='word_1_438' title='bbox 1739 4123 1818 4170; x_wconf 90' lang='lat' dir='ltr'>eum</span> <span class='ocrx_word' id='word_1_439' title='bbox 1835 4102 1977 4194; x_wconf 81' lang='lat' dir='ltr'>eripuit.</span> <span class='ocrx_word' id='word_1_440' title='bbox 2026 4101 2153 4176; x_wconf 85' lang='lat' dir='ltr'>Postea</span> 
     </span>
     <span class='ocr_line' id='line_1_74' title="bbox 1164 4193 2153 4291; baseline 0.005 -19"><span class='ocrx_word' id='word_1_441' title='bbox 1164 4203 1207 4272; x_wconf 91' lang='lat' dir='ltr'>de</span> <span class='ocrx_word' id='word_1_442' title='bbox 1238 4197 1305 4270; x_wconf 89' lang='lat' dir='ltr'>hoc</span> <span class='ocrx_word' id='word_1_443' title='bbox 1326 4193 1436 4270; x_wconf 84' lang='lat' dir='ltr'>Petro</span> <span class='ocrx_word' id='word_1_444' title='bbox 1463 4201 1629 4291; x_wconf 86' lang='lat' dir='ltr'>cogitavi,</span> <span class='ocrx_word' id='word_1_445' title='bbox 1666 4203 1768 4274; x_wconf 91' lang='lat' dir='ltr'>cuius</span> <span class='ocrx_word' id='word_1_446' title='bbox 1798 4204 2006 4274; x_wconf 88' lang='lat' dir='ltr'>modestiam</span> <span class='ocrx_word' id='word_1_447' title='bbox 2034 4206 2153 4276; x_wconf 87' lang='lat' dir='ltr'>statim</span> 
     </span>
     <span class='ocr_line' id='line_1_75' title="bbox 1164 4303 2153 4396; baseline 0.006 -23"><span class='ocrx_word' id='word_1_448' title='bbox 1164 4325 1351 4392; x_wconf 83' lang='lat' dir='ltr'>cognosces</span> <span class='ocrx_word' id='word_1_449' title='bbox 1373 4327 1414 4372; x_wconf 84' lang='lat' dir='ltr'>ex</span> <span class='ocrx_word' id='word_1_450' title='bbox 1430 4303 1566 4396; x_wconf 89' lang='lat' dir='ltr'>aliquot</span> <span class='ocrx_word' id='word_1_451' title='bbox 1583 4303 1722 4374; x_wconf 91' lang='lat' dir='ltr'>dierum</span> <span class='ocrx_word' id='word_1_452' title='bbox 1747 4305 2017 4376; x_wconf 88' lang='lat' dir='ltr'>consuetudine:</span> <span class='ocrx_word' id='word_1_453' title='bbox 2044 4319 2079 4378; x_wconf 91' lang='lat' dir='ltr'>et</span> <span class='ocrx_word' id='word_1_454' title='bbox 2096 4331 2153 4378; x_wconf 86' lang='lat' dir='ltr'>re-</span> 
     </span>
    </p>
   </div>
   <div class='ocr_carea' id='block_1_14' title="bbox 1051 4403 2153 4482">
    <p class='ocr_par' dir='ltr' id='par_1_15' title="bbox 1051 4403 2153 4482">
     <span class='ocr_line' id='line_1_76' title="bbox 1051 4403 2153 4482; baseline 0.005 -6"><span class='ocrx_word' id='word_1_455' title='bbox 1051 4403 1056 4411; x_wconf 85' lang='grc'><strong>’</strong></span> <span class='ocrx_word' id='word_1_456' title='bbox 1163 4421 1217 4478; x_wconf 91' lang='lat' dir='ltr'>cte</span> <span class='ocrx_word' id='word_1_457' title='bbox 1237 4429 1318 4474; x_wconf 89' lang='lat' dir='ltr'>enm</span> <span class='ocrx_word' id='word_1_458' title='bbox 1343 4405 1472 4474; x_wconf 90' lang='lat' dir='ltr'>sentire</span> <span class='ocrx_word' id='word_1_459' title='bbox 1484 4407 1531 4475; x_wconf 91' lang='lat' dir='ltr'>de</span> <span class='ocrx_word' id='word_1_460' title='bbox 1555 4419 1628 4476; x_wconf 84' lang='lat' dir='ltr'>tota</span> <span class='ocrx_word' id='word_1_461' title='bbox 1641 4403 1819 4476; x_wconf 86' lang='lat' dir='ltr'>Ecclesiae</span> <span class='ocrx_word' id='word_1_462' title='bbox 1836 4406 1994 4475; x_wconf 88' lang='lat' dir='ltr'>doctrina</span> <span class='ocrx_word' id='word_1_463' title='bbox 2020 4407 2153 4482; x_wconf 88' lang='lat' dir='ltr'>iudico.</span> 
     </span>
    </p>
   </div>
   <div class='ocr_carea' id='block_1_15' title="bbox 118 4485 318 4563">
    <p class='ocr_par' dir='ltr' id='par_1_16' title="bbox 118 4485 318 4563">
     <span class='ocr_line' id='line_1_77' title="bbox 118 4485 318 4563; baseline 0.01 -3"><span class='ocrx_word' id='word_1_464' title='bbox 118 4485 190 4563; x_wconf 88' lang='lat' dir='ltr'>No.</span> <span class='ocrx_word' id='word_1_465' title='bbox 207 4485 318 4562; x_wconf 80' lang='grc'><strong>6636.</strong></span> 
     </span>
    </p>
   </div>
   <div class='ocr_carea' id='block_1_16' title="bbox 121 4582 299 4616">
    <p class='ocr_par' dir='ltr' id='par_1_17' title="bbox 121 4582 299 4616">
     <span class='ocr_line' id='line_1_78' title="bbox 121 4582 299 4616; baseline -0.011 0"><span class='ocrx_word' id='word_1_466' title='bbox 121 4582 299 4616; x_wconf 55' lang='grc' dir='ltr'><strong>Μ</strong></span> 
     </span>
    </p>
   </div>
   <div class='ocr_carea' id='block_1_17' title="bbox 956 4495 1111 4568">
    <p class='ocr_par' dir='ltr' id='par_1_18' title="bbox 956 4495 1111 4568">
     <span class='ocr_line' id='line_1_79' title="bbox 956 4495 1111 4568; baseline -0.013 -8"><span class='ocrx_word' id='word_1_467' title='bbox 956 4500 1013 4568; x_wconf 73' lang='grc'>14.</span> <span class='ocrx_word' id='word_1_468' title='bbox 1033 4495 1111 4560; x_wconf 78' lang='lat' dir='ltr'>Nor.</span> 
     </span>
    </p>
   </div>
   <div class='ocr_carea' id='block_1_18' title="bbox 940 4587 1111 4616">
    <p class='ocr_par' dir='ltr' id='par_1_19' title="bbox 940 4587 1111 4616">
     <span class='ocr_line' id='line_1_80' title="bbox 940 4587 1111 4616; baseline -0.023 0"><span class='ocrx_word' id='word_1_469' title='bbox 940 4587 1111 4616; x_wconf 56' lang='grc' dir='ltr'>Μ</span> 
     </span>
    </p>
   </div>
   <div class='ocr_carea' id='block_1_19' title="bbox 391 4689 799 4807">
    <p class='ocr_par' dir='ltr' id='par_1_20' title="bbox 391 4689 799 4807">
     <span class='ocr_line' id='line_1_81' title="bbox 391 4689 799 4807; baseline 0.007 -30"><span class='ocrx_word' id='word_1_470' title='bbox 391 4691 490 4778; x_wconf 75' lang='lat' dir='ltr'>=lo.</span> <span class='ocrx_word' id='word_1_471' title='bbox 523 4689 799 4807; x_wconf 80' lang='lat' dir='ltr'>Aurifubro.</span> 
     </span>
    </p>
   </div>
   <div class='ocr_carea' id='block_1_20' title="bbox 187 4864 775 4942">
    <p class='ocr_par' dir='ltr' id='par_1_21' title="bbox 187 4864 775 4942">
     <span class='ocr_line' id='line_1_82' title="bbox 187 4864 775 4942; baseline -0.003 -18"><span class='ocrx_word' id='word_1_472' title='bbox 187 4875 208 4936; x_wconf 81' lang='lat'>†</span> <span class='ocrx_word' id='word_1_473' title='bbox 226 4867 264 4924; x_wconf 74' lang='lat' dir='ltr'>ex</span> <span class='ocrx_word' id='word_1_474' title='bbox 277 4883 371 4942; x_wconf 79' lang='lat' dir='ltr'>apogr.</span> <span class='ocrx_word' id='word_1_475' title='bbox 385 4865 414 4922; x_wconf 87' lang='lat' dir='ltr'>in</span> <span class='ocrx_word' id='word_1_476' title='bbox 431 4864 494 4923; x_wconf 84' lang='lat' dir='ltr'>cod.</span> <span class='ocrx_word' id='word_1_477' title='bbox 509 4865 596 4922; x_wconf 79' lang='lat' dir='ltr'>Paris.</span> <span class='ocrx_word' id='word_1_478' title='bbox 611 4865 647 4922; x_wconf 87' lang='lat' dir='ltr'>D.</span> <span class='ocrx_word' id='word_1_479' title='bbox 663 4865 694 4922; x_wconf 76' lang='lat' dir='ltr'>l..</span> <span class='ocrx_word' id='word_1_480' title='bbox 709 4867 775 4922; x_wconf 71' lang='lat'>54⁵.</span> 
     </span>
    </p>
   </div>
   <div class='ocr_carea' id='block_1_21' title="bbox 122 5023 353 5044">
    <p class='ocr_par' dir='ltr' id='par_1_22' title="bbox 122 5023 353 5044">
     <span class='ocr_line' id='line_1_83' title="bbox 122 5023 353 5044; baseline -0.009 -2"><span class='ocrx_word' id='word_1_481' title='bbox 122 5023 353 5044; x_wconf 55' lang='grc' dir='ltr'><strong><em>Μ</em></strong></span> 
     </span>
    </p>
   </div>
   <div class='ocr_carea' id='block_1_22' title="bbox 156 5137 1112 5360">
    <p class='ocr_par' dir='ltr' id='par_1_23' title="bbox 156 5137 1112 5360">
     <span class='ocr_line' id='line_1_84' title="bbox 156 5137 1110 5222; baseline -0.002 -20"><span class='ocrx_word' id='word_1_482' title='bbox 156 5151 189 5222; x_wconf 85' lang='grc'>1)</span> <span class='ocrx_word' id='word_1_483' title='bbox 207 5143 313 5214; x_wconf 80' lang='lat' dir='ltr'>Scripta</span> <span class='ocrx_word' id='word_1_484' title='bbox 328 5137 444 5222; x_wconf 68' lang='lat' dir='ltr'>satyrica</span> <span class='ocrx_word' id='word_1_485' title='bbox 460 5149 556 5195; x_wconf 83' lang='lat' dir='ltr'>contra</span> <span class='ocrx_word' id='word_1_486' title='bbox 571 5137 693 5194; x_wconf 72' lang='lat' dir='ltr'>florium</span> <span class='ocrx_word' id='word_1_487' title='bbox 707 5149 734 5194; x_wconf 86' lang='lat' dir='ltr'>et</span> <span class='ocrx_word' id='word_1_488' title='bbox 748 5137 912 5212; x_wconf 77' lang='lat' dir='ltr'>Chytrseum</span> <span class='ocrx_word' id='word_1_489' title='bbox 933 5143 1003 5199; x_wconf 78' lang='lat' dir='ltr'>edita</span> <span class='ocrx_word' id='word_1_490' title='bbox 1023 5155 1110 5200; x_wconf 77' lang='lat' dir='ltr'>astu·</span> 
     </span>
     <span class='ocr_line' id='line_1_85' title="bbox 189 5207 1112 5360; baseline -0.002 -96"><span class='ocrx_word' id='word_1_491' title='bbox 189 5210 375 5360; x_wconf 51' lang='lat' dir='ltr'>ptoptlaetiteb.</span> <span class='ocrx_word' id='word_1_492' title='bbox 411 5207 474 5264; x_wconf 80' lang='lat' dir='ltr'>Vnt.</span> <span class='ocrx_word' id='word_1_493' title='bbox 496 5207 641 5280; x_wconf 64' lang='lat' dir='ltr'>&amp;otto&#39;t</span> <span class='ocrx_word' id='word_1_494' title='bbox 662 5209 727 5276; x_wconf 76' lang='grc'><strong>6111.</strong></span> <span class='ocrx_word' id='word_1_495' title='bbox 748 5211 790 5270; x_wconf 80' lang='lat' dir='ltr'>ter</span> <span class='ocrx_word' id='word_1_496' title='bbox 802 5211 870 5281; x_wconf 65' lang='lat' dir='ltr'>ttae.</span> <span class='ocrx_word' id='word_1_497' title='bbox 886 5211 998 5284; x_wconf 61' lang='lat' dir='ltr'>densete.</span> <span class='ocrx_word' id='word_1_498' title='bbox 1017 5213 1049 5272; x_wconf 78' lang='grc' dir='ltr'>Ρ,</span> <span class='ocrx_word' id='word_1_499' title='bbox 1063 5214 1112 5272; x_wconf 84' lang='grc' dir='ltr'><strong>ιιι,</strong></span> 
     </span>
    </p>
   </div>
   <div class='ocr_carea' id='block_1_23' title="bbox 119 5375 638 5652">
    <p class='ocr_par' dir='ltr' id='par_1_24' title="bbox 119 5375 638 5652">
     <span class='ocr_line' id='line_1_86' title="bbox 154 5375 634 5458; baseline -0.025 -12"><span class='ocrx_word' id='word_1_500' title='bbox 154 5391 186 5458; x_wconf 81' lang='lat'>2)</span> <span class='ocrx_word' id='word_1_501' title='bbox 204 5386 333 5443; x_wconf 78' lang='lat' dir='ltr'>Mortuus</span> <span class='ocrx_word' id='word_1_502' title='bbox 346 5387 386 5434; x_wconf 83' lang='lat' dir='ltr'>est</span> <span class='ocrx_word' id='word_1_503' title='bbox 398 5379 424 5436; x_wconf 85' lang='lat' dir='ltr'>d.</span> <span class='ocrx_word' id='word_1_504' title='bbox 439 5379 463 5432; x_wconf 92' lang='grc'>1.</span> <span class='ocrx_word' id='word_1_505' title='bbox 475 5375 545 5435; x_wconf 76' lang='lat' dir='ltr'>Nos.</span> <span class='ocrx_word' id='word_1_506' title='bbox 559 5377 634 5434; x_wconf 73' lang='lat' dir='ltr'>test.</span> 
     </span>
     <span class='ocr_line' id='line_1_87' title="bbox 154 5474 474 5558; baseline -0.038 -14"><span class='ocrx_word' id='word_1_507' title='bbox 154 5489 183 5558; x_wconf 80' lang='grc'>6)</span> <span class='ocrx_word' id='word_1_508' title='bbox 205 5483 319 5540; x_wconf 80' lang='lat' dir='ltr'>Petrum</span> <span class='ocrx_word' id='word_1_509' title='bbox 338 5474 474 5532; x_wconf 73' lang='lat' dir='ltr'>Setiam.</span> 
     </span>
     <span class='ocr_line' id='line_1_88' title="bbox 119 5569 638 5652; baseline -0.029 0"><span class='ocrx_word' id='word_1_510' title='bbox 119 5587 303 5652; x_wconf 56' lang='lat' dir='ltr'>utrarum.</span> <span class='ocrx_word' id='word_1_511' title='bbox 326 5573 437 5642; x_wconf 73' lang='lat' dir='ltr'>,Orrsu</span> <span class='ocrx_word' id='word_1_512' title='bbox 463 5569 547 5638; x_wconf 78' lang='lat' dir='ltr'>Vos.</span> <span class='ocrx_word' id='word_1_513' title='bbox 573 5569 638 5640; x_wconf 82' lang='lat' dir='ltr'>IX.</span> 
     </span>
    </p>
   </div>
   <div class='ocr_carea' id='block_1_24' title="bbox 1163 4502 2151 4598">
    <p class='ocr_par' dir='ltr' id='par_1_25' title="bbox 1163 4502 2151 4598">
     <span class='ocr_line' id='line_1_89' title="bbox 1163 4502 2151 4598; baseline 0.001 -20"><span class='ocrx_word' id='word_1_514' title='bbox 1163 4505 1233 4578; x_wconf 90' lang='lat' dir='ltr'>llic</span> <span class='ocrx_word' id='word_1_515' title='bbox 1267 4506 1362 4576; x_wconf 91' lang='lat' dir='ltr'>enim</span> <span class='ocrx_word' id='word_1_516' title='bbox 1396 4521 1432 4578; x_wconf 91' lang='lat' dir='ltr'>et</span> <span class='ocrx_word' id='word_1_517' title='bbox 1465 4503 1658 4598; x_wconf 84' lang='lat' dir='ltr'>theologica</span> <span class='ocrx_word' id='word_1_518' title='bbox 1685 4509 1806 4578; x_wconf 89' lang='lat' dir='ltr'>docuit</span> <span class='ocrx_word' id='word_1_519' title='bbox 1831 4521 1865 4577; x_wconf 92' lang='lat' dir='ltr'>et</span> <span class='ocrx_word' id='word_1_520' title='bbox 1894 4502 2151 4598; x_wconf 89' lang='lat' dir='ltr'>philosophica.</span> 
     </span>
    </p>
   </div>
   <div class='ocr_carea' id='block_1_25' title="bbox 1091 4603 2151 4704">
    <p class='ocr_par' dir='ltr' id='par_1_26' title="bbox 1091 4603 2151 4704">
     <span class='ocr_line' id='line_1_90' title="bbox 1091 4603 2151 4704; baseline 0.002 -24"><span class='ocrx_word' id='word_1_521' title='bbox 1091 4635 1098 4650; x_wconf 87' lang='lat'><strong>·</strong></span> <span class='ocrx_word' id='word_1_522' title='bbox 1164 4607 1378 4680; x_wconf 84' lang='lat' dir='ltr'>Adfirmavit</span> <span class='ocrx_word' id='word_1_523' title='bbox 1400 4603 1468 4678; x_wconf 89' lang='lat' dir='ltr'>hoc</span> <span class='ocrx_word' id='word_1_524' title='bbox 1490 4633 1648 4704; x_wconf 86' lang='lat' dir='ltr'>quoque,</span> <span class='ocrx_word' id='word_1_525' title='bbox 1676 4631 1712 4678; x_wconf 91' lang='lat' dir='ltr'>se</span> <span class='ocrx_word' id='word_1_526' title='bbox 1730 4633 1805 4678; x_wconf 90' lang='lat' dir='ltr'>non</span> <span class='ocrx_word' id='word_1_527' title='bbox 1824 4609 2059 4679; x_wconf 88' lang='lat' dir='ltr'>discessurum</span> <span class='ocrx_word' id='word_1_528' title='bbox 2076 4633 2151 4682; x_wconf 87' lang='lat' dir='ltr'>esse</span> 
     </span>
    </p>
   </div>
   <div class='ocr_carea' id='block_1_26' title="bbox 1163 4709 2152 5310">
    <p class='ocr_par' dir='ltr' id='par_1_27' title="bbox 1163 4709 2152 5310">
     <span class='ocr_line' id='line_1_91' title="bbox 1164 4709 2151 4804; baseline 0.001 -22"><span class='ocrx_word' id='word_1_529' title='bbox 1164 4735 1183 4782; x_wconf 88' lang='lat' dir='ltr'>a</span> <span class='ocrx_word' id='word_1_530' title='bbox 1202 4710 1271 4782; x_wconf 84' lang='lat' dir='ltr'>tuis</span> <span class='ocrx_word' id='word_1_531' title='bbox 1282 4711 1485 4794; x_wconf 87' lang='lat' dir='ltr'>sententiis,</span> <span class='ocrx_word' id='word_1_532' title='bbox 1512 4714 1607 4804; x_wconf 90' lang='lat' dir='ltr'>quod</span> <span class='ocrx_word' id='word_1_533' title='bbox 1628 4709 1787 4800; x_wconf 90' lang='lat' dir='ltr'>Principi</span> <span class='ocrx_word' id='word_1_534' title='bbox 1807 4709 1941 4799; x_wconf 84' lang='lat' dir='ltr'>scripsi.</span> <span class='ocrx_word' id='word_1_535' title='bbox 1996 4709 2100 4780; x_wconf 89' lang='lat' dir='ltr'>Nunc</span> <span class='ocrx_word' id='word_1_536' title='bbox 2117 4727 2151 4783; x_wconf 89' lang='lat' dir='ltr'>te</span> 
     </span>
     <span class='ocr_line' id='line_1_92' title="bbox 1164 4809 2151 4900; baseline -0.001 -17"><span class='ocrx_word' id='word_1_537' title='bbox 1164 4836 1247 4896; x_wconf 92' lang='lat' dir='ltr'>oro,</span> <span class='ocrx_word' id='word_1_538' title='bbox 1272 4825 1313 4883; x_wconf 90' lang='lat' dir='ltr'>ut</span> <span class='ocrx_word' id='word_1_539' title='bbox 1327 4837 1409 4882; x_wconf 90' lang='lat' dir='ltr'>eum</span> <span class='ocrx_word' id='word_1_540' title='bbox 1424 4827 1460 4884; x_wconf 90' lang='lat' dir='ltr'>et</span> <span class='ocrx_word' id='word_1_541' title='bbox 1480 4811 1720 4883; x_wconf 87' lang='lat' dir='ltr'>illustrissimo</span> <span class='ocrx_word' id='word_1_542' title='bbox 1738 4809 1896 4900; x_wconf 90' lang='lat' dir='ltr'>Principi</span> <span class='ocrx_word' id='word_1_543' title='bbox 1914 4815 2151 4896; x_wconf 87' lang='lat' dir='ltr'>commendes,</span> 
     </span>
     <span class='ocr_line' id='line_1_93' title="bbox 1164 4913 2151 5004; baseline 0 -18"><span class='ocrx_word' id='word_1_544' title='bbox 1164 4928 1200 4986; x_wconf 91' lang='lat' dir='ltr'>et</span> <span class='ocrx_word' id='word_1_545' title='bbox 1213 4928 1274 4986; x_wconf 92' lang='lat' dir='ltr'>tuo</span> <span class='ocrx_word' id='word_1_546' title='bbox 1291 4915 1459 5004; x_wconf 84' lang='lat' dir='ltr'>suffragio</span> <span class='ocrx_word' id='word_1_547' title='bbox 1477 4914 1632 4997; x_wconf 87' lang='lat' dir='ltr'>adiuves,</span> <span class='ocrx_word' id='word_1_548' title='bbox 1656 4935 1735 4982; x_wconf 91' lang='lat' dir='ltr'>cum</span> <span class='ocrx_word' id='word_1_549' title='bbox 1752 4927 1896 5004; x_wconf 86' lang='lat' dir='ltr'>pmpter</span> <span class='ocrx_word' id='word_1_550' title='bbox 1912 4913 2021 5004; x_wconf 85' lang='lat' dir='ltr'>ipsius</span> <span class='ocrx_word' id='word_1_551' title='bbox 2036 4915 2151 4986; x_wconf 89' lang='lat' dir='ltr'>virtu-</span> 
     </span>
     <span class='ocr_line' id='line_1_94' title="bbox 1164 5015 2150 5110; baseline -0.007 -22"><span class='ocrx_word' id='word_1_552' title='bbox 1164 5031 1254 5100; x_wconf 88' lang='lat' dir='ltr'>tem,</span> <span class='ocrx_word' id='word_1_553' title='bbox 1290 5030 1367 5088; x_wconf 90' lang='lat' dir='ltr'>tum</span> <span class='ocrx_word' id='word_1_554' title='bbox 1399 5040 1482 5086; x_wconf 88' lang='lat' dir='ltr'>vero</span> <span class='ocrx_word' id='word_1_555' title='bbox 1509 5029 1652 5106; x_wconf 92' lang='lat' dir='ltr'>propter</span> <span class='ocrx_word' id='word_1_556' title='bbox 1675 5037 1788 5082; x_wconf 89' lang='lat' dir='ltr'>meam</span> <span class='ocrx_word' id='word_1_557' title='bbox 1818 5015 2029 5098; x_wconf 90' lang='lat' dir='ltr'>amicitiam,</span> <span class='ocrx_word' id='word_1_558' title='bbox 2059 5041 2150 5110; x_wconf 77' lang='lat' dir='ltr'>quae</span> 
     </span>
     <span class='ocr_line' id='line_1_95' title="bbox 1163 5111 2150 5210; baseline -0.001 -22"><span class='ocrx_word' id='word_1_559' title='bbox 1163 5113 1254 5188; x_wconf 81' lang='lat' dir='ltr'>milti</span> <span class='ocrx_word' id='word_1_560' title='bbox 1268 5131 1385 5188; x_wconf 89' lang='lat' dir='ltr'>tecum</span> <span class='ocrx_word' id='word_1_561' title='bbox 1400 5131 1452 5188; x_wconf 89' lang='lat' dir='ltr'>est</span> <span class='ocrx_word' id='word_1_562' title='bbox 1471 5115 1626 5200; x_wconf 88' lang='lat' dir='ltr'>sincera,</span> <span class='ocrx_word' id='word_1_563' title='bbox 1655 5129 1688 5184; x_wconf 94' lang='lat' dir='ltr'>et</span> <span class='ocrx_word' id='word_1_564' title='bbox 1703 5139 1809 5210; x_wconf 87' lang='lat' dir='ltr'>qnam</span> <span class='ocrx_word' id='word_1_565' title='bbox 1826 5115 1909 5186; x_wconf 92' lang='lat' dir='ltr'>volo</span> <span class='ocrx_word' id='word_1_566' title='bbox 1930 5111 2020 5185; x_wconf 89' lang='lat' dir='ltr'>mihi</span> <span class='ocrx_word' id='word_1_567' title='bbox 2034 5129 2150 5188; x_wconf 84' lang='lat' dir='ltr'>tecum</span> 
     </span>
     <span class='ocr_line' id='line_1_96' title="bbox 1165 5216 2152 5310; baseline -0.001 -20"><span class='ocrx_word' id='word_1_568' title='bbox 1165 5242 1237 5290; x_wconf 89' lang='lat' dir='ltr'>esse</span> <span class='ocrx_word' id='word_1_569' title='bbox 1257 5234 1454 5302; x_wconf 89' lang='lat' dir='ltr'>aeternam,</span> <span class='ocrx_word' id='word_1_570' title='bbox 1475 5241 1544 5310; x_wconf 91' lang='lat' dir='ltr'>qua</span> <span class='ocrx_word' id='word_1_571' title='bbox 1566 5229 1600 5286; x_wconf 89' lang='lat' dir='ltr'>et</span> <span class='ocrx_word' id='word_1_572' title='bbox 1618 5216 1758 5287; x_wconf 86' lang='lat' dir='ltr'>dulcius</span> <span class='ocrx_word' id='word_1_573' title='bbox 1774 5217 1934 5286; x_wconf 89' lang='lat' dir='ltr'>fruemur</span> <span class='ocrx_word' id='word_1_574' title='bbox 1957 5217 2152 5291; x_wconf 88' lang='lat' dir='ltr'>incoelesti</span> 
     </span>
    </p>
   </div>
   <div class='ocr_carea' id='block_1_27' title="bbox 1164 5359 1367 5376">
    <p class='ocr_par' dir='ltr' id='par_1_28' title="bbox 1164 5359 1367 5376">
     <span class='ocr_line' id='line_1_97' title="bbox 1164 5359 1367 5376; baseline 0 -4"><span class='ocrx_word' id='word_1_575' title='bbox 1164 5359 1367 5376; x_wconf 64' lang='lat' dir='ltr'>——n—</span> 
     </span>
    </p>
   </div>
   <div class='ocr_carea' id='block_1_28' title="bbox 1199 5423 2153 5644">
    <p class='ocr_par' dir='ltr' id='par_1_29' title="bbox 1199 5423 2153 5644">
     <span class='ocr_line' id='line_1_98' title="bbox 1199 5423 2153 5562; baseline 0 -72"><span class='ocrx_word' id='word_1_576' title='bbox 1199 5433 1318 5562; x_wconf 43' lang='lat'>&#39;&#39;35¹¹“</span> <span class='ocrx_word' id='word_1_577' title='bbox 1337 5432 1417 5488; x_wconf 79' lang='lat' dir='ltr'>verba</span> <span class='ocrx_word' id='word_1_578' title='bbox 1436 5426 1551 5482; x_wconf 77' lang='lat' dir='ltr'>Homeri</span> <span class='ocrx_word' id='word_1_579' title='bbox 1566 5425 1665 5500; x_wconf 80' lang='lat' dir='ltr'>Odyss.</span> <span class='ocrx_word' id='word_1_580' title='bbox 1688 5427 1723 5490; x_wconf 86' lang='lat' dir='ltr'>ll.</span> <span class='ocrx_word' id='word_1_581' title='bbox 1744 5425 1817 5482; x_wconf 72' lang='lat' dir='ltr'>tta:</span> <span class='ocrx_word' id='word_1_582' title='bbox 1840 5423 1947 5484; x_wconf 72' lang='lat' dir='ltr'>nutui</span> <span class='ocrx_word' id='word_1_583' title='bbox 1965 5445 1997 5488; x_wconf 76' lang='lat' dir='ltr'>rt</span> <span class='ocrx_word' id='word_1_584' title='bbox 2016 5429 2106 5488; x_wconf 73' lang='lat' dir='ltr'>moliri</span> <span class='ocrx_word' id='word_1_585' title='bbox 2123 5449 2153 5491; x_wconf 80' lang='lat' dir='ltr'>re</span> 
     </span>
     <span class='ocr_line' id='line_1_99' title="bbox 1278 5523 1322 5565; baseline 0 -9"><span class='ocrx_word' id='word_1_586' title='bbox 1278 5523 1322 5565; x_wconf 79' lang='grc' dir='ltr'>υς.</span> 
     </span>
     <span class='ocr_line' id='line_1_100' title="bbox 1520 5569 1570 5644; baseline 0.04 -2"><span class='ocrx_word' id='word_1_587' title='bbox 1520 5569 1570 5644; x_wconf 75' lang='lat'>42</span> 
     </span>
    </p>
   </div>
   <div class='ocr_carea' id='block_1_29' title="bbox 0 0 2379 6180">
    <p class='ocr_par' dir='ltr' id='par_1_30' title="bbox 0 0 2379 6180">
     <span class='ocr_line' id='line_1_101' title="bbox 0 0 2379 6180; baseline 0 0"><span class='ocrx_word' id='word_1_588' title='bbox 0 0 2379 6180; x_wconf 95' lang='lat' dir='ltr'> </span> 
     </span>
    </p>
   </div>
  </div>
 </body>
</html>
