4738 6186
204 349 276 424 687

745 303 1219 420 ⁴turusronannu
1270 290 1504 381 nirata.
1557 291 1689 378 essa.

212 547 271 596 rae
293 513 495 593 doctrinae,
529 456 684 574 erhibita
714 489 924 585 Imperatori
949 484 1079 560 Carolo
1104 477 1149 554 V.
1172 479 1210 548 in
1232 481 1286 592 l⁰⁶
1300 473 1375 547 656
1416 474 1453 546 9.

214 634 393 700 conventu
411 612 630 702 Augustano.

306 773 487 846 Hactenus
505 759 613 850 igitur
628 751 697 824 Dei
711 745 883 819 beneficio
900 735 1129 832 tranquillam
1144 737 1212 822 'gu-

217 877 461 958 bernationem
474 862 554 933 Dux
571 853 745 929 saxoniae
759 846 901 920 Elector
912 839 1093 932 Augustus
1106 847 1212 919 tenet,

218 981 340 1080 quiin
364 975 435 1043 vita
461 966 596 1060 privata
622 961 755 1039 iustus,
785 963 899 1022 castus
916 939 956 1036 ¹³)
983 957 1017 1013 et
1031 939 1213 1008 modestus

220 1104 281 1166 est,
306 1096 339 1152 et
352 1076 468 1148 Deum
485 1091 567 1136 vera
581 1058 807 1132 invocatione
822 1053 860 1120 'm
877 1045 1057 1138 agnitione
1074 1054 1109 1111 et
1120 1039 1213 1108 fulu-

187 1193 191 1200 ’
221 1195 273 1258 cia
297 1176 446 1254 Domini
474 1168 585 1242 nostri
612 1163 692 1233 lesu
713 1153 849 1230 Christi
872 1151 974 1222 colite
1009 1161 1042 1216 et
1072 1142 1213 1235 publice

1232 601 1236 614 ,
1261 571 1432 602 Μ

1600 657 1651 744 G.
1679 658 1906 744 Fabricio.

1327 839 1412 912 Epist.
1434 839 1525 894 lib.V.
1541 855 1569 908 p.
1583 837 1643 893 stt.

1287 995 1492 1094 Georgia
1518 990 1762 1082 Fabricio,
1794 993 2024 1091 gubernanti
2048 985 2238 1064 Scholam

1641 1093 1883 1169 Misnensem.

221 1285 397 1362 Ecclesiae
413 1276 474 1370 ¹⁴),
509 1267 752 1360 disciplinam,
785 1273 819 1328 et
842 1250 1127 1325 iurisdictionem
1148 1237 1215 1312 llo·
1264 1241 1485 1324 Doctissim'e
1503 1249 1576 1334 vir,
1602 1263 1635 1320 et
1659 1242 1862 1317 charissime
1884 1250 2003 1318 frater.
2055 1245 2165 1317 Hanc
2193 1248 2262 1338 epi-

223 1405 321 1462 neste
343 1398 474 1456 tuetur.
535 1367 705 1442 Ostendit
736 1361 840 1430 etiam
874 1355 1030 1426 studium
1054 1343 1216 1440 publicae

1267 1355 1393 1426 stolam
1416 1351 1499 1422 dedi
1523 1346 1705 1444 Huperto,
1738 1349 1934 1440 Burgundn
1951 1347 1988 1441 ¹).
2042 1349 2117 1438 Qui
2145 1374 2263 1418 mores

222 1494 320 1590 pacis
337 1501 370 1560 et
383 1476 591 1554 concordiae
608 1473 647 1539 in
663 1463 877 1544 Germania,
904 1481 984 1526 cum
1002 1455 1041 1521 in
1057 1449 1136 1519 aliis
1153 1471 1217 1516 ne·
1267 1454 1457 1528 hominum
1478 1454 1671 1522 multorum
1691 1453 1799 1537 vidit,
1826 1467 1859 1522 et
1879 1453 2003 1536 urbes,
2029 1452 2118 1522 vixit
2140 1453 2265 1522 nobis·

225 1597 341 1686 gotiis,
364 1605 438 1668 tum
455 1578 707 1651 inElectorum
725 1559 976 1636 coniunctione
992 1554 1137 1637 tuenda,
1154 1549 1217 1642 qui

222 1697 293 1769 hoc
326 1715 420 1763 anno
454 1677 565 1757 1558.
590 1667 867 1746 Francofordiae
893 1681 1017 1730 omnes
1041 1675 1218 1724 convene-

226 1812 327 1882 runt,
353 1807 395 1864 ut
416 1815 495 1860 cum
520 1786 715 1871 Imperator
734 1769 883 1842 Carolus
903 1763 999 1832 ultro
1025 1757 1219 1847 Imperato-

226 1907 316 1974 riam
343 1895 549 1986 dignitatem
575 1876 811 1972 deposuisset,
838 1865 1045 1938 electionem
1062 1858 1221 1948 lmpera-

228 2005 316 2076 toris
331 1990 550 2070 Fer-dinaudi
572 1983 840 2054 confirmarent,
867 1992 933 2038 nec
956 1966 1111 2066 sinerent
1129 1957 1222 2028 Ger-

158 2111 162 2128 '
229 2105 385 2176 maniam
401 2091 549 2167 diversis
570 2079 802 2156 electionibus
819 2065 980 2143 distrahi.

334 2248 492 2320 Oramus
517 2239 624 2326 igitur
638 2230 753 2302 Deum
772 2237 973 2304 aeternum,
998 2231 1134 2309 patrem
1150 2213 1225 2284 Do-

232 2357 321 2432 mini
351 2347 463 2422 nostri
490 2341 570 2412 lesu
591 2331 745 2412 Christi,
777 2340 970 2398 creatorem
995 2318 1132 2410 generis
1156 2311 1227 2386 hu-

233 2459 349 2536 maui,
382 2448 563 2522 custodem
594 2433 773 2509 Ecclesiae
799 2453 902 2512 suae,
936 2440 972 2496 et
998 2419 1226 2492 honestarum

235 2559 457 2656 politiarum,
489 2561 528 2618 nt
549 2541 635 2614 huic
656 2531 752 2609 Duri
769 2531 944 2604 Saxoniae
968 2522 1127 2596 Electori
1151 2521 1228 2592 Au-

235 2677 337 2754 gusto
355 2657 489 2728 tribuat
507 2651 611 2735 longa
629 2642 722 2710 vitae
735 2635 869 2728 spacia,
895 2631 1084 2700 salutarem
1100 2625 1229 2714 guber-

237 2765 439 2836 nationem,
465 2767 497 2824 et
520 2749 658 2820 felicem
681 2737 934 2833 posteritatem.
985 2727 1103 2800 Huius
1120 2724 1230 2796 Ducis

239 2865 412 2940 saxoniae
422 2851 597 2928 Electoris
609 2843 761 2935 Augusti
777 2839 945 2909 mandato
961 2847 996 2904 et
1011 2843 1128 2902 sumtu
1144 2822 1231 2896 haee

238 2967 378 3057 fastigia
402 2959 555 3032 turrium
583 2971 705 3020 rursus
728 2945 818 3012 facta
842 2952 936 3010 siant.
988 2933 1096 3004 Anno
1123 2925 1232 3000 1558.

241 3097 321 3144 cum
345 3079 425 3136 ante
447 3056 671 3128 ohsidionem
694 3059 810 3116 amota
832 3052 967 3116 essent,
1003 3051 1044 3106 ut
1067 3031 1234 3102 collocari

241 3168 428 3245 machinae
449 3165 487 3230 in
512 3177 626 3230 turres
652 3159 815 3242 possent,
849 3167 917 3236 qua
942 3155 1060 3209 tamen
1085 3133 1235 3204 demoli-

243 3280 343 3347 tione
366 3292 445 3352 noq
462 3283 551 3352 opus
576 3255 708 3326 fuisset.
761 3246 855 3336 Quia
874 3241 1072 3334 lmperator
1087 3235 1237 3307 Carolus

246 3381 334 3448 :ideo
351 3372 492 3464 quietus
506 3362 591 3443 fuit,
616 3371 656 3426 ut
672 3378 711 3423 ex
732 3343 906 3420 machinis
923 3344 997 3412 eius
1018 3339 1140 3410 nullus
1161 3338 1237 3426 glo-

246 3485 314 3550 lms
339 3476 378 3542 in
405 3469 576 3561 oppidum
603 3458 748 3528 emissus
771 3452 833 3522 sit:
862 3447 912 3518 lta
928 3443 1026 3516 Deus
1049 3441 1239 3511 clementer

249 3581 316 3653 huc
333 3575 502 3668 oppidum
518 3561 680 3658 protexit.
715 3551 852 3636 †Hanc
867 3546 1118 3629 narrationem,
1143 3565 1241 3612 com-

176 3724 181 3732 ·
250 3683 402 3774 positam
429 3700 448 3744 a
474 3666 566 3740 Phil.
589 3653 843 3739 lllelanthone,
871 3649 1011 3741 scripsit
1032 3646 1144 3738 ipsius
1167 3637 1240 3743 [et]

252 3787 296 3858 D.
321 3777 468 3852 Lutheci
496 3766 691 3858 discipulus
709 3753 854 3830 Paulus
876 3749 1038 3832 Eberus,
1077 3763 1181 3818 natus
1206 3745 1242 3812 in

253 3883 425 3958 Franciae
447 3876 578 3968 oppido
602 3867 783 3953 Kittinga,
809 3859 935 3929 Pastor
948 3849 1124 3924 Ecclesiae
1139 3845 1246 3918 Wit-

152 4017 156 4022 ·
254 3982 485 4072 tebergeusis,
510 3977 640 4044 electus
665 3967 844 4036 inlocum
866 3957 956 4029 Rev.
981 3953 1069 4040 viri,
1100 3949 1145 4024 D.
1157 3940 1246 4025 Iob.

255 4075 503 4180 Bagenbagii
530 4075 688 4155 Pomon,
728 4066 810 4160 qui,
845 4083 925 4130 cum
956 4052 1041 4126 huic
1071 4049 1248 4123 Ecclesiae

257 4189 462 4285 praefuisset
479 4195 720 4264 magnacum,
742 4168 848 4236 laude
865 4160 1002 4252 pietatis
1018 4155 1097 4225 fidei
1116 4168 1151 4224 et
1166 4153 1250 4222 dili-

258 4287 396 4384 geuti'ae
413 4303 526 4356 anitos
537 4277 597 4361 36,
615 4272 751 4362 placida
767 4279 880 4334 morte
895 4261 984 4330 obiit
1000 4259 1057 4328 die
1073 4257 1132 4330 20.
1143 4250 1252 4346 Apri.

261 4399 324 4480 lis,
350 4413 444 4462 anno
461 4381 584 4454 aetatis
602 4375 681 4458 73„
707 4394 802 4441 arina
819 4361 953 4435 Christi
973 4355 1102 4444 1558„
1128 4383 1199 4450 quo
1219 4367 1252 4424 et

261 4479 346 4568 haec
362 4492 489 4580 scripta
512 4495 594 4552 sunt
609 4473 741 4546 mensis
761 4471 908 4558 August.
925 4467 982 4536 die
1000 4465 1058 4536 12.
1069 4461 1085 4484 ”
1100 4455 1152 4554 ¹⁵).

265 4693 485 4716 “W-

301 4835 345 4904 15)
364 4830 470 4898 coslus]
488 4828 560 4880 abest
574 4843 589 4876 a
602 4829 674 4874 testu
690 4817 751 4870 Per.

303 4939 347 5004 tt)
366 4932 436 4993 cod.
452 4928 538 4982 Goth.
552 4925 700 4978 Ecclesiae.
755 4987 760 5004 ἱ

303 5040 347 5104 15)
365 5035 486 5090 liabetur
500 5031 553 5084 hoc
569 5023 690 5079 additum
706 5023 734 5074 in
751 5011 906 5071 rediistis.

1269 1585 1349 1630 cum
1374 1559 1445 1626 fere
1468 1555 1673 1634 biennium,
1705 1570 1739 1625 et
1760 1555 2013 1646 comperimus,
2047 1577 2122 1624 esse
2146 1557 2264 1624 virum

1270 1663 1479 1753 prudentem
1496 1670 1529 1726 et
1542 1658 1729 1745 integrum.
1784 1657 1854 1742 Ae,
1881 1659 1932 1726 tui
1948 1681 2067 1726 amore
2085 1681 2266 1741 accensus,

1272 1769 1309 1834 in
1334 1759 1401 1832 hoc
1424 1761 1552 1831 itinere
1579 1775 1613 1828 te
1641 1759 1774 1852 alloqui
1799 1760 1905 1851 cupit.
1964 1755 2133 1847 Excipies
2160 1760 2266 1848 igitur

1273 1881 1450 1946 aiiianter,
1484 1877 1523 1932 ut
1556 1885 1635 1929 rere
1668 1861 1845 1930 laudatam
1878 1884 1952 1928 esse
1987 1855 2267 1952 hospitalitatem
2350 1855 2351 1860 ’

1274 1985 1355 2040 tuae
1368 1965 1482 2056 gentis
1497 1965 1534 2032 in
1552 1965 1798 2054 Argonautica
1812 1967 1973 2055 po'e'mate
1988 1963 2084 2036 sciat.
2122 1963 2181 2034 De
2203 1961 2269 2034 Re-

1277 2070 1373 2163 publ.
1396 2067 1482 2162 quid
1514 2065 1688 2135 scribam?
1739 2064 1832 2150 Scis,
1862 2091 1916 2134 mc
1940 2089 2077 2156 semper
2102 2067 2268 2134 metuisse

1277 2175 1374 2242 illam
1390 2193 1489 2239 oram
1504 2168 1634 2238 littoris
1650 2165 1796 2253 Baltici,
1823 2192 1912 2262 quae
1927 2179 2002 2236 toto
2018 2162 2087 2235 hoc
2100 2170 2267 2236 sexennio

1277 2271 1469 2370 quotannis
1494 2269 1665 2340 Titanum
1691 2271 1861 2340 exercitus
1891 2271 2023 2359 genuit.
2077 2267 2128 2338 Et
2156 2268 2266 2338 adhuc

1278 2391 1410 2460 metuo,
1432 2372 1646 2442 vastationes
1658 2371 1790 2440 similes
1807 2371 1878 2440 illis
1896 2373 2073 2441 veteribus
2090 2367 2266 2442 Gotthicis

1279 2495 1340 2548 aut
1354 2475 1533 2546 Hunnicis
1548 2469 1590 2568 ²).
1644 2471 1715 2544 Sed
1738 2497 1880 2543 oremus
1899 2472 2033 2542 Filium
2052 2473 2140 2558 Dei,
2169 2491 2208 2544 ut
2224 2477 2265 2542 la·
2353 2459 2354 2472 ¹

1281 2583 1366 2651 tales
1379 2599 1509 2670 poenas
1526 2577 1646 2647 leniat.
1696 2573 1792 2644 Bene
1807 2576 1896 2649 vale.
1951 2575 2009 2646 13.
2026 2571 2183 2666 August.

1294 2791 1382 2804 -η,
1401 2791 1418 2800 ..
1433 2785 1955 2800 --a-ou--n--n--u--u—--am

1283 2915 1350 2988 No.
1365 2911 1478 2993 6570.

1285 3015 1485 3044 m

1557 3107 1708 3192 Ioacle.
1732 3072 2019 3193 'cameraria

1359 3273 1444 3343 Epist.
1457 3272 1490 3326 ad
1505 3271 1612 3325 Gesner.
1633 3285 1661 3338 p.
1673 3267 1734 3322 rte.
1754 3269 1810 3337 (ed.
1823 3267 1917 3322 Laud.
1935 3265 1982 3322 lib.
1996 3264 2044 3320 lV.
2063 3285 2107 3339 ep.
2122 3267 2202 3335 6595.

2119 2927 2172 2988 18.
2192 2921 2271 2998 Auge
2355 2866 2356 2918 l

2102 3009 2250 3036 w

1290 3419 1517 3518 Clarissimo
1538 3429 1616 3501 ciro
1640 3423 1842 3499 eruditione
1864 3435 1896 3522 et
1924 3426 2054 3497 virtute
2074 3427 2277 3526 praestanti

1338 3534 1364 3608 I
1372 3527 1497 3608 oaab.
1524 3525 1560 3606 C
1565 3555 1721 3603 amera
1733 3529 1773 3600 ri
1779 3548 1801 3600 o
1816 3527 1943 3626 fratri
1955 3553 2023 3600 suo
2040 3529 2248 3618 carissimo,

1295 3677 1344 3765 S.
1371 3684 1415 3756 D.
1456 3681 1524 3754 Dei
1542 3682 1711 3754 beneficio
1728 3675 1914 3751 Esromus
1929 3695 2022 3752 recte
2039 3683 2147 3769 valet,
2176 3701 2209 3755 et
2226 3711 2285 3754 no-

1294 3794 1430 3864 biscum
1446 3787 1490 3856 ad
1506 3811 1568 3856 vos
1582 3807 1782 3870 accessurus
1796 3797 1889 3869 erat,
1915 3786 1975 3852 sed
1995 3809 2073 3852 cum
2090 3785 2234 3858 litteras
2248 3791 2286 3856 de

1295 3909 1410 3965 morte
1433 3881 1564 3960 Menii
1582 3887 1685 3958 amici
1709 3887 1895 3979 utriusque
1922 3899 2084 3956 nostrum
2108 3892 2242 3960 veteris
2261 3903 2289 3958 et

1298 3994 1469 4068 carissimi
1491 3991 1716 4081 accepissem,
1741 3989 1865 4057 dolore
1887 4001 2044 4060 retentus
2065 4013 2158 4060 sum.
2218 3991 2290 4062 lile-

1297 4099 1389 4169 mini
1420 4107 1578 4164 nostram
1610 4091 1982 4160 militiamannorum
2013 4091 2181 4181 triginta,
2224 4119 2291 4164 non

1299 4205 1456 4292 ignotam
1474 4194 1551 4277 tibi,
1576 4193 1615 4260 in
1631 4217 1698 4285 qua
1714 4191 1825 4261 multa
1842 4215 1968 4280 magna
1983 4195 2140 4282 negocia,
2170 4211 2208 4266 et
2227 4194 2291 4267 Ee·

1300 4303 1424 4374 clesiae
1448 4295 1550 4366 utilia
1574 4295 1755 4363 communi
1783 4295 1932 4364 consilio
1959 4297 2105 4385 egimus.
2169 4297 2293 4369 Postea

1301 4428 1391 4499 quae
1406 4398 1630 4469 confusiones
1641 4395 1796 4487 Reipub.
1810 4396 2015 4481 inciderint,
2041 4399 2183 4476 scimus.
2224 4401 2295 4470 lla-

1302 4531 1383 4578 rum
1405 4525 1526 4571 rerum
1542 4499 1704 4568 omnium
1720 4498 1885 4587 cogitatio
1908 4494 1999 4568 mihi
2013 4499 2175 4589 ingentes
2191 4505 2296 4572 dolo-

1304 4632 1359 4680 res
1380 4605 1494 4675 affcrt.
1545 4600 1615 4672 Sed
1640 4625 1704 4670 oro
1727 4600 1840 4671 lilium
1863 4599 1951 4687 Dei,
1976 4617 2016 4672 ut
2036 4617 2071 4672 et
2091 4601 2299 4688 Ecclesiam,

1304 4727 1339 4782 ct
1356 4712 1395 4778 in
1409 4731 1450 4776 ea
1469 4705 1543 4797 pias
1557 4703 1725 4788 familias,
1751 4717 1785 4772 et
1802 4715 1897 4772 tuam
1913 4717 2043 4787 servet,
2070 4721 2104 4776 et
2118 4703 2298 4777 horrestis-

1305 4817 1414 4885 simae
1430 4807 1574 4902 coniugi
1591 4820 1673 4877 tuae
1689 4805 1781 4878 vires
1795 4805 1932 4874 animae
1947 4819 1983 4876 et
1994 4809 2152 4897 corporis
2166 4811 2301 4880 confir-

1286 4927 1289 4936 '
1306 4932 1388 4986 met.
1419 4911 1472 4982 De
1485 4905 1624 4978 Troiae
1638 4906 1828 4977 Francicus
1844 4909 1991 4998 negocio
2007 4911 2189 4981 vobiscum
2207 4912 2301 4982 deli.

1308 5019 1451 5089 berabo.
1503 5009 1601 5082 Bene
1619 5011 1713 5095 vale,
1726 5011 1794 5079 die
1809 5007 1909 5084 Xlll.
1924 5008 2090 5100 Augusti.

2052 5109 2251 5205 Philippus.

1319 5221 1543 5240 Μ

1346 5354 1371 5420 1)
1386 5348 1510 5402 llulierto
1527 5346 1676 5416 Langueto.

1250 5469 1252 5474 ·
1344 5439 1372 5508 2)
1392 5434 1526 5506 Loquitur
1545 5433 1578 5485 de
1598 5431 1671 5486 bello
1689 5431 1718 5484 in
1738 5429 1853 5484 livonia
1903 5431 1964 5486 vid.
1984 5451 2025 5503 ep.
2043 5397 2299 5504 adinsuiigmner.

1381 5507 1406 5563 d.
1421 5507 1447 5560 5.
1458 5504 1532 5574 Sept.
1551 5501 1625 5558 1558.
