4738 6186
126 327 200 401 585
709 311 1133 398 EPISTOLARUM
1184 315 1293 398 LlB.
1318 315 1419 394 x111.
1471 316 1603 401 1558.
2095 325 2170 402 586

124 499 385 594 propositiones
406 501 466 592 pie
488 514 523 570 et
545 499 682 570 erudite
706 499 852 590 scriptas
869 499 913 566 de
929 519 1011 566 vera
1031 519 1118 586 poe-
1272 487 1320 564 Et
1346 495 1431 587 quia
1447 491 1487 591 ¹¹)
1518 497 1651 568 bellurn
1682 499 1776 572 inter
1801 515 1947 592 agnatos
1968 500 2164 594 Principes,

124 603 275 676 nitentia
298 615 331 671 et
348 602 435 687 lide,
461 627 530 696 qua
553 596 659 672 homo
678 601 716 670 in
739 599 970 670 conversione
990 595 1117 687 accipit
1168 587 1304 664 Ducem
1328 589 1524 668 Iohannem
1543 598 1783 689 Fridericum,
1810 618 1844 674 et
1868 601 2002 676 Ducem
2019 604 2162 676 Mauri-

124 705 368 776 remissioncm
391 717 636 796 peccatorum,
663 719 697 773 ct
717 701 898 772 titiustus.
948 696 997 770 Et
1018 699 1113 770 reln-
1167 694 1257 764 tium
1275 712 1410 770 motum
1426 713 1520 790 erat,
1547 700 1697 774 Carolus
1715 702 1911 798 Imperator
1924 707 1964 776 in
1979 731 2060 778 vere
2074 707 2161 777 anni

122 809 211 880 tavit
234 807 364 876 maltos
394 831 530 876 errores
553 803 766 898 Pontificum
789 801 1055 886 Romanorum,
1081 815 1116 872 et
1168 791 1279 869 1547.
1292 800 1337 870 ab
1353 801 1485 893 oppido
1501 799 1596 894 Egra
1611 807 1713 878 duxit
1727 831 1894 898 magnum
1908 811 2099 881 exercitum
2114 809 2161 878 ad

122 903 385 980 Monachorum
415 911 458 977 de
490 907 696 999 imposturis
723 905 1048 996 indulgentiarum,
1080 917 1114 974 et
1164 901 1279 990 ripam
1296 899 1398 974 Albis
1421 928 1531 997 prope
1547 905 1734 1000 Mulberg,
1761 913 1855 1004 quod
1882 909 2160 1004 supraTorgam

14 1051 15 1058 κ
119 1011 199 1082 aliis
223 1011 319 1082 salsis
343 1011 586 1101 opinionibus.
647 1007 734 1078 lnde
757 1019 834 1078 orta
859 1021 912 1079 cst
942 1005 1113 1078 correctio
1163 1001 1345 1079 situmest.
1396 1007 1450 1075 Ibi
1468 1009 1525 1076 die
1540 1007 1599 1080 24.
1611 1006 1747 1104 Aprilis
1763 1027 1884 1104 captus
1901 1025 1953 1084 est
1967 1014 2006 1082 in
2021 1013 2157 1104 praelio

118 1114 312 1184 multarum
333 1113 642 1204 superstitionum,
668 1124 702 1180 et
724 1111 899 1181 restitutio
922 1131 1031 1198 purae
1046 1109 1111 1177 do·
1162 1101 1245 1174 Dux
1270 1103 1444 1178 Senoniae
1469 1105 1647 1182 lohannes
1673 1111 1893 1200 Fridericus,
1920 1117 2019 1187 etad
2045 1111 2156 1186 Caro-

117 1216 252 1288 ctrinae
268 1213 467 1304 Evangelii,
493 1217 537 1284 de
553 1239 623 1307 qna
639 1226 732 1284 extat
746 1213 918 1283 consessio
935 1207 1111 1293 Ecclesia·
1161 1205 1237 1276 lum
1264 1205 1516 1300 Imperatorem
1546 1237 1627 1284 mox
1656 1217 1848 1302 adductus,
1884 1218 1947 1311 qui
1976 1217 2155 1310 captivum

117 1343 198 1388 rum
223 1317 478 1388 Saxonicarum
500 1311 656 1385 exhibita
684 1311 898 1405 lmperatore
920 1307 1049 1384 Carolo
1068 1311 1109 1386 V.
1160 1310 1256 1400 apud
1278 1335 1314 1380 se
1336 1311 1502 1402 retinuit,
1528 1317 1695 1388 etstatim
1712 1343 1791 1388 cum
1813 1319 1967 1390 exercitu
1982 1322 2026 1389 ad
2050 1319 2154 1412 oppi-

117 1414 583 1508 inComitiisAugustanis,
609 1411 832 1490 anu01530.
884 1415 1002 1509 Quam
1024 1437 1110 1485 con·
1162 1413 1249 1483 dum
1265 1410 1532 1506 Wittebcrgam
1549 1419 1703 1490 accessit.

113 1522 303 1592 sessionem
325 1520 464 1611 scripsit
484 1515 671 1610 Philippus
689 1513 919 1602 Melanthon,
945 1529 1049 1587 uatus
1070 1517 1107 1584 in
1259 1527 1422 1624 Cumque
1451 1529 1645 1626 lmpempor
1669 1531 1837 1622 Campus,
1869 1551 1903 1609 e,
1925 1535 2004 1610 Rex
2027 1535 2153 1608 perdi,

112 1625 247 1715 oppido
264 1621 507 1692 Palestinorum
531 1617 653 1693 Rheni
669 1619 809 1701 Bretta,
836 1621 898 1714 qui
915 1619 1021 1690 etiam
1038 1619 1107 1688 alia
1158 1633 1321 1718 naudus,
1349 1646 1384 1704 ea
1413 1633 1473 1703 2115
1497 1633 1679 1731 princip„
1708 1639 1934 1718 ,affligent
1959 1642 1998 1709 i„
2023 1663 2153 1732 pagum

113 1725 243 1816 scripta
260 1725 390 1808 edidit,
417 1747 457 1792 ex
474 1723 604 1814 quibus
619 1723 783 1813 cognosci
800 1735 913 1816 potest
929 1721 1105 1810 integrum
1159 1729 1372 1804 Academiae
1394 1733 1614 1822 pigriciam,
1640 1737 1838 1834 Immo,
1866 1743 1950 1811 ,nde
1972 1765 2084 1836 usque
2104 1743 2151 1812 ,d

110 1829 296 1899 doctrinae
310 1849 420 1916 genus
435 1826 471 1894 in
489 1821 552 1894 hac
568 1827 656 1896 tache
670 1839 859 1918 receptum,
884 1849 1005 1894 verum
1023 1847 1107 1908 esse,
1160 1835 1283 1906 Albim
1308 1851 1419 1906 casam
1444 1839 1552 1926 locat,
1578 1855 1612 1910 ,31
1631 1843 1735 1932 pem,
1763 1858 1803 1914 ιη
1825 1845 1884 1915 fia,
1900 1843 2152 1934 winebergae

107 1945 144 2000 et
163 1927 339 1999 Ecclesiae
364 1927 609 1998 necessarium.
662 1926 853 2018 speramus
876 1925 971 1994 enim
986 1921 1012 2018 ⁷)
1029 1923 1104 1995 Deo
1158 1939 1318 2012 dalida·
1336 1935 1503 2010 Eranam
1518 1943 1650 2036 oppido
1667 1945 1775 2016 Ducis
1790 1941 1961 2016 lobannis
1974 1944 2150 2016 Frtderict

107 2033 119 2100 i
127 2046 256 2102 uvante
273 2031 383 2101 libros
405 2031 448 2100 ad
467 2029 704 2122 posteritatem
726 2041 956 2122 perventuros
970 2050 1055 2096 esse.
1155 2042 1329 2124 coniunx,
1356 2055 1391 2110 ρῑ
1408 2055 1477 2110 gre,
1493 2043 1574 2113 fiffi,
1600 2043 1706 2118 pm,
1720 2063 1815 2118 exp„
1832 2050 1957 2118 urbem
1972 2050 2011 2117 in
2026 2049 2149 2118 casui,

199 2147 276 2218 Etsi
292 2163 407 2216 autem
421 2145 578 2217 Romani
592 2144 779 2214 Pontifices
793 2161 827 2216 et
841 2143 1007 2238 Episcopi
1023 2171 1104 2215 cum
1159 2139 1381 2234 lmperatoris
1399 2145 1560 2233 captivus
1576 2161 1661 2218 erat.
1713 2147 1836 2242 ltaque
1859 2165 1893 2220 et
1908 2165 2006 2242 pater
2026 2164 2060 2220 et
2082 2149 2147 2218 lilii

103 2254 155 2320 iis
172 2245 199 2344 ”)
223 2249 429 2333 sentientes,
455 2261 489 2316 ct
503 2245 699 2336 Imperator
714 2245 863 2318 Carolus
883 2245 923 2318 V.
941 2263 975 2320 et
999 2247 1102 2316 multi
1154 2243 1193 2311 iu
1214 2244 1348 2313 maiore
1377 2246 1532 2336 periculo
1565 2250 1675 2318 suturi
1703 2265 1822 2337 erant,
1855 2253 1885 2321 si
1917 2254 2090 2343 oppidum
2111 2251 2148 2320 vi

101 2351 295 2441 Principes
327 2349 466 2420 veritati
496 2351 792 2420 adversabantur:
827 2363 944 2420 menen
974 2372 1101 2440 magna
1153 2359 1388 2438 expugnatum
1412 2361 1512 2422 esset.
1573 2345 1760 2442 Oppidum
1784 2353 1893 2444 igitur
1917 2353 2147 2444 Witteberga

102 2477 190 2548 pars
215 2451 446 2530 Germaniae,
481 2463 515 2520 et
539 2451 578 2520 in
605 2451 685 2522 aliis
711 2451 877 2541 gentibus
903 2451 1007 2522 multi
1033 2452 1101 2520 viri
1152 2449 1300 2536 consilio
1323 2448 1519 2536 nobilium,
1544 2453 1673 2544 quibus
1693 2457 1939 2527 commendata
1960 2469 2036 2526 erat
2057 2480 2145 2525 con-

105 2555 221 2638 docti,
246 2567 281 2624 et
306 2553 468 2622 timentes
489 2549 604 2622 Deum
631 2555 781 2645 amplexi
799 2567 882 2625 sunt
901 2555 1100 2624 doctrinam
1151 2549 1236 2619 iunx
1261 2549 1369 2620 Ducis
1392 2546 1562 2622 lobannis
1579 2553 1752 2625 Fridcrici
1776 2583 1856 2626 cum
1878 2558 1960 2627 liliis
1982 2557 2144 2628 deditum

103 2651 590 2728 corrlcssionisEcclesiarum
607 2653 875 2728 saxonicarum.
926 2653 999 2726 Nec
1016 2681 1098 2724 vero
1150 2665 1201 2721 est
1227 2651 1454 2744 Imperatori,
1488 2668 1522 2724 et
1553 2656 1768 2748 praesidinm
1796 2657 2023 2752 imperatoris
2050 2660 2144 2728 intra

102 2761 254 2830 dubium
271 2771 332 2842 est,
358 2755 540 2828 Romanos
554 2754 743 2826 Pontifices
754 2756 884 2828 Carolo
902 2753 990 2850 Imp.
1006 2780 1097 2828 scm-
1150 2755 1287 2824 moenia
1304 2769 1484 2846 receptum
1504 2772 1553 2826 est
1578 2760 1635 2829 die
1651 2761 1712 2834 23.
1729 2759 1829 2834 Maii.
1882 2761 2007 2832 Postea
2027 2758 2144 2852 tmpe-

102 2887 167 2952 per
184 2857 380 2931 hortatores
398 2859 503 2928 luisse
524 2860 565 2926 ad
584 2859 716 2928 bellurn
739 2863 956 2930 movendum
974 2871 1096 2930 contra
1148 2869 1245 2926 rator
1266 2857 1473 2946 dignitatem
1499 2855 1673 2932 Electoris
1696 2863 1863 2935 Saxonici
1896 2863 2076 2934 transtulit
2103 2865 2141 2932 in

105 2989 183 3048 eos,
223 2963 283 3056 qui
322 2985 446 3052 puram
479 2957 667 3050 Evangelii
708 2963 908 3032 doctrinam
943 2963 1096 3052 amplexi
1147 2955 1283 3027 Ducem
1305 2958 1480 3030 Saxoniae
1503 2960 1734 3052 Mattritium,
1760 2969 1842 3036 etei
1861 2965 2140 3056 Wittebergam,

106 3077 215 3134 creant.
267 3062 432 3132 'l'andem
462 3061 571 3151 igitur
592 3087 687 3132 sarano
715 3059 826 3136 1546.
857 3089 937 3134 cum
968 3065 1093 3134 eodem
1146 3072 1180 3129 et
1200 3055 1289 3130 haenc
1304 3061 1456 3130 vicinam
1476 3063 1661 3151 ditionem,
1689 3093 1778 3162 quae
1795 3083 1847 3139 est
1863 3065 2038 3139 Electoris
2055 3091 2140 3158 pro-

110 3191 197 3236 anno
211 3191 331 3236 mense
348 3163 541 3234 Februario
551 3163 596 3234 D.
608 3164 787 3236 Martinus
801 3161 980 3238 Lutherus
996 3191 1094 3236 mor·
1146 3162 1234 3253 pria,
1261 3164 1426 3242 tradidit,
1453 3178 1487 3236 et
1501 3168 1605 3235 certis
1620 3171 1886 3242 condicionibus
1904 3195 2023 3262 pacem
2040 3170 2139 3240 dedit

111 3277 189 3338 tuus
203 3281 301 3352 esset,
327 3267 439 3338 edidit
455 3268 749 3358 proscriptionem
765 3267 916 3339 Carolus
935 3265 1093 3360 Impera·
1144 3264 1226 3334 filiis
1244 3261 1354 3335 Ducis
1372 3261 1543 3336 Iohannis
1559 3267 1743 3345 Friderici.

105 3383 160 3438 tar
173 3387 295 3441 contra
310 3367 444 3439 Ducem
460 3366 632 3438 Saxoniae
652 3365 844 3440 iohannem
860 3369 1092 3454 Fridericnm,
1246 3379 1325 3452 Hoc
1345 3387 1453 3452 modo
1475 3383 1563 3454 facta
1589 3403 1638 3459 esp
1664 3391 1813 3460 mmm„
1838 3390 1989 3460 dominii
2008 3389 2045 3458 5„
2070 3383 2135 3460 h„

99 3489 131 3544 ‘i
154 3473 407 3564 Litsslssfflviuffl
432 3467 577 3538 H³¹⁸⁸l³²
602 3467 821 3562 Philippum·
882 3469 1089 3560 Q¹¹³¹0b<³lli
1142 3483 1296 3567 ditione,
1328 3509 1424 3554 anno
1450 3481 1562 3558 1547.
1622 3487 1946 3562 Moderateautcm
1968 3492 2038 3580 egit
2061 3489 2133 3560 lm-

97 3575 299 3646 uccasiones
316 3573 473 3665 proxime
489 3585 767 3653 antecesserunt,
793 3589 827 3644 ct
843 3596 932 3666 quae
948 3595 1090 3642 caussae
1141 3599 1301 3678 perator,
1328 3589 1424 3678 qnod
1449 3589 1657 3676 dignitatem
1674 3590 1848 3663 Electorfs
1864 3608 1898 3663 e,
1914 3588 2006 3662 hanc
2025 3592 2134 3661 disto,

93 3693 255 3750 ⁰³less⁸ce
278 3679 368 3756 tini,
402 3674 470 3764 l‘gi
495 3671 653 3766 P⁰le³i⁹l
685 3675 724 3743 5¹¹
747 3675 895 3764 inlegri³
918 3667 1087 3746 historiis·
1140 3711 1221 3755 nem
1237 3709 1310 3755 non
1328 3689 1694 3760 transtulital'amilia
1708 3693 1850 3765 Ducum
1866 3693 2050 3765 Senoniae.
2083 3689 2132 3764 Et

92 3781 186 3852 Nam
210 3778 405 3870 [inperator
424 3775 592 3858 cetratus,
626 3777 852 3846 neumaiam
877 3774 1086 3868 Principum
1139 3787 1219 3858 Dux
1234 3785 1779 3864 saxoniaeElectorMaaritias
1794 3797 1986 3866 dementer
2001 3796 2132 3887 guber-

91 3873 591 3972 3151110δὸθθὸῙῐῑἮὸῐθῑω),
618 3879 825 3958 affirmaviis
850 3891 1086 3950 selusscnfflt
1139 3891 1256 3975 navit,
1292 3905 1322 3958 et
1355 3893 1513 3964 delendit
1544 3889 1636 3966 hanc
1664 3897 1857 3985 ditionem,
1895 3921 1976 3966 cum
2010 3913 2130 3989 postea

91 3999 314 4058 mutaturum
331 4007 403 4051 0⁵⁵⁸
419 3979 604 4054 Ecsslffiiffl·
1109 3929 1229 4062 ¹mma
1257 3993 1349 4063 bella
1375 4008 1470 4064 mota
1506 4011 1620 4066 essent
1653 4001 1698 4068 ab
1724 3997 1873 4072 Alberto
1900 3992 2131 4070 Morchione

195 4097 287 4171 Cum
300 4112 416 4168 autem
430 4095 512 4168 Dux
525 4097 700 4170 Saxoniae
718 4095 866 4168 loannes
882 4095 1084 4168 Fridecicns
1135 4093 1464 4185 Brandeburgense,
1489 4099 1551 4192 qui
1568 4099 1771 4174 minabatur
1788 4097 1843 4172 his
1858 4104 2064 4194 regionibus
2082 4103 2127 4172 ad

89 4203 251 4284 Elector,
275 4199 725 4290 etLantgraviasllassiae,
751 4214 786 4271 ct
801 4201 888 4272 socii
903 4201 1084 4272 duxissent
1135 4193 1257 4268 Albim
1278 4197 1520 4275 vastationem.

87 4331 261 4396 tnagnuatt
291 4304 480 4374 exercllttm
511 4305 548 4371 in
573 4301 779 4390 dedl'lltlll,
810 4317 850 4374 Ui
874 4301 1082 4395 imperdlffl'l
1237 4315 1384 4388 Mortuo
1400 4331 1517 4388 atatem
1533 4315 1632 4392 Duce
1646 4319 1820 4394 saxoniae
1839 4319 2002 4394 Electope
2019 4321 2127 4394 Mau.

85 4409 241 4492 Carolo,
267 4409 318 4476 ibi
333 4404 514 4492 colligenti
530 4405 740 4484 exereitum,
766 4419 1003 4486 occurrerent,
1030 4407 1082 4514 ¹⁸7
1134 4421 1233 4504 citio,
1267 4415 1684 4495 ann01553.successit
1713 4427 1821 4497 frater
1844 4421 1927 4495 Dux
1951 4423 2125 4496 Saxoniae

86 4515 144 4584 tia
169 4512 307 4604 aliquot
329 4508 459 4600 praelia
490 4507 541 4574 ebt
563 4507 652 4578 satia
677 4519 777 4590 sunl,
801 4532 840 4578 ite
863 4521 935 4578 loia
958 4503 1082 4602 hyems
1132 4519 1276 4594 Elector
1303 4517 1510 4616 Augustus,
1549 4525 1612 4618 qui
1645 4527 1734 4596 sacta
1771 4527 2008 4597 transacllosse
2043 4551 2123 4598 eum

84 4627 272 4684 coltSttntl'd
291 4625 344 4682 esi
363 4611 439 4680 sine
459 4630 584 4698 magno
608 4607 758 4699 praelio,
786 4609 868 4701 qula
887 4607 1081 4702 imperitior
1131 4624 1230 4696 Duce
1253 4623 1427 4697 §agoniae
1452 4619 1626 4696 [ohanne
1647 4621 1841 4698 Fn'dgrico
1865 4651 1984 4719 pacem
2008 4629 2046 4698 in
2066 4623 2123 4698 his

80 4717 238 4790 Carolus
259 4738 339 4784 culn
357 4710 626 4782 exercilutanlo
643 4709 825 4800 eltuplllo
841 4711 1080 4782 dimitallonls
1131 4727 1336 4818 regionibus
1369 4729 1564 4803 constituit,
1623 4727 1748 4801 Postea
1782 4745 1816 4800 pt
1848 4725 2123 4802 haereditarium

79 4845 159 4894 nou
176 4841 249 4888 csse
267 4815 494 4908 pugnandum
511 4812 700 4884 iudicabat.
734 4811 1078 4902 Redliiissiiffl'nffl
1129 4830 1255 4899 foedus
1281 4824 1420 4898 Ducum
1442 4829 1637 4916 saxoniae,
1679 4827 1931 4902 lllarchionum
1959 4829 2122 4905 Brandes

77 4921 260 4998 Sttxoltltte
292 4913 468 4988 lohannes
498 4912 699 4984 Fridericus
725 4909 868 4986 Eleciol'
896 4915 933 4984 in
962 4915 1078 5006 reglo—
1128 4931 1379 5022 burgensium,
1413 4947 1447 5004 ρῑ
1475 4929 1770 5020 Lanlgraviorum
1796 4931 1942 5003 Hassiae
1969 4957 2120 5004 renova.

79 5053 167 5095 neru
187 5021 385 5117 Mysorum·
1128 5047 1203 5103 tum
1229 5045 1291 5103 est.
1342 5031 1425 5122 Quo
1449 5033 1487 5102 in
1510 5035 1650 5104 loedere
1676 5047 1710 5105 et
1735 5029 1802 5105 hoc
1824 5030 2117 5126 comprehensum

81 5179 286 5196 ..,..-.--
1127 5149 1194 5222 est,
1221 5147 1260 5206 ut
1278 5155 1489 5206 consensum
1513 5147 1680 5208 tucantur
1695 5131 1735 5230 ¹²)
1753 5139 1796 5208 de
1810 5137 2029 5209 consessione
2049 5163 2117 5231 pu-

114 5281 141 5346 7)
163 5275 266 5338 ctione]
285 5267 348 5326 cod.
365 5263 448 5324 Goth.

112 5365 141 5430 8)
164 5359 226 5414 ees.
248 5372 309 5434 σοι,
1159 5365 1204 5430 ll)
1224 5362 1293 5418 God.
1312 5361 1395 5418 Gotlr.
1414 5365 1578 5436 Mysorum,
1597 5367 1673 5436 quib.

109 5447 142 5512 9)
162 5441 232 5498 0⁰³·
249 5437 332 5496 ⁰⁰⁸5·
341 5439 458 5506 Wlffli-
1158 5446 1202 5512 12)
1222 5445 1291 5501 God.
1310 5443 1395 5504 Goth.
1413 5457 1517 5504 aarum
1536 5449 1618 5506 baro:
1644 5461 1813 5506 reuocatum
1834 5461 1893 5520 eat,
1911 5461 1942 5506 ut
1964 5459 2112 5506 tuerentur·

108 5537 157 5602 10)
178 5528 246 5586 cod.
260 5523 343 5582 Gotb.
355 5524 539 5610 abdicantes.
1191 5531 1367 5570 consensum.
