<?xml version="1.0" encoding="UTF-8"?>
<!DOCTYPE html PUBLIC "-//W3C//DTD XHTML 1.0 Transitional//EN"
    "http://www.w3.org/TR/xhtml1/DTD/xhtml1-transitional.dtd">
<html xmlns="http://www.w3.org/1999/xhtml" xml:lang="en" lang="en">
 <head>
  <title>
</title>
<meta http-equiv="Content-Type" content="text/html;charset=utf-8" />
  <meta name='ocr-system' content='tesseract 3.04.00' />
  <meta name='ocr-capabilities' content='ocr_page ocr_carea ocr_par ocr_line ocrx_word'/>
</head>
<body>
  <div class='ocr_page' id='page_1' title='image "./philippimelanth06bindgoog_0279.png"; bbox 0 0 4754 6184; ppageno 0'>
   <div class='ocr_carea' id='block_1_1' title="bbox 25 318 2210 436">
    <p class='ocr_par' dir='ltr' id='par_1_1' title="bbox 25 318 2210 436">
     <span class='ocr_line' id='line_1_1' title="bbox 25 318 2210 436; baseline 0.017 -53"><span class='ocrx_word' id='word_1_1' title='bbox 25 349 26 356; x_wconf 26' lang='grc' dir='ltr'><strong>ι</strong></span> <span class='ocrx_word' id='word_1_2' title='bbox 76 427 80 436; x_wconf 84' lang='lat'>.</span> <span class='ocrx_word' id='word_1_3' title='bbox 157 325 238 406; x_wconf 85' lang='lat' dir='ltr'>us</span> <span class='ocrx_word' id='word_1_4' title='bbox 716 321 1154 404; x_wconf 82' lang='grc' dir='ltr'><strong>ιιιιιοιιιιοιι</strong></span> <span class='ocrx_word' id='word_1_5' title='bbox 1204 318 1312 404; x_wconf 86' lang='grc' dir='ltr'>ιιι</span> <span class='ocrx_word' id='word_1_6' title='bbox 1364 318 1467 398; x_wconf 84' lang='grc' dir='ltr'><strong>ιιιι.</strong></span> <span class='ocrx_word' id='word_1_7' title='bbox 1521 319 1650 402; x_wconf 82' lang='grc' dir='ltr'><strong>ιιιι.</strong></span> <span class='ocrx_word' id='word_1_8' title='bbox 1780 349 1783 356; x_wconf 31' lang='lat' dir='ltr'><em>v</em></span> <span class='ocrx_word' id='word_1_9' title='bbox 2134 339 2210 420; x_wconf 82' lang='grc' dir='ltr'>ιιι</span> 
     </span>
    </p>
   </div>
   <div class='ocr_carea' id='block_1_2' title="bbox 152 493 2200 1316">
    <p class='ocr_par' dir='ltr' id='par_1_2' title="bbox 152 493 2200 1316">
     <span class='ocr_line' id='line_1_2' title="bbox 155 493 2200 610; baseline 0.016 -48"><span class='ocrx_word' id='word_1_10' title='bbox 155 503 327 578; x_wconf 59' lang='lat' dir='ltr'>,decem</span> <span class='ocrx_word' id='word_1_11' title='bbox 341 496 460 578; x_wconf 81' lang='lat' dir='ltr'>Denso</span> <span class='ocrx_word' id='word_1_12' title='bbox 475 517 511 580; x_wconf 88' lang='lat' dir='ltr'>et</span> <span class='ocrx_word' id='word_1_13' title='bbox 524 493 690 576; x_wconf 86' lang='lat' dir='ltr'>homines</span> <span class='ocrx_word' id='word_1_14' title='bbox 703 513 874 596; x_wconf 86' lang='lat' dir='ltr'>tegerent.</span> <span class='ocrx_word' id='word_1_15' title='bbox 924 497 1013 576; x_wconf 77' lang='lat' dir='ltr'>noe</span> <span class='ocrx_word' id='word_1_16' title='bbox 1035 511 1154 572; x_wconf 70' lang='lat' dir='ltr'>anum</span> <span class='ocrx_word' id='word_1_17' title='bbox 1208 495 1351 590; x_wconf 83' lang='lat' dir='ltr'>saepius</span> <span class='ocrx_word' id='word_1_18' title='bbox 1367 517 1498 588; x_wconf 89' lang='lat' dir='ltr'>magno</span> <span class='ocrx_word' id='word_1_19' title='bbox 1513 497 1650 592; x_wconf 87' lang='lat' dir='ltr'>impetu</span> <span class='ocrx_word' id='word_1_20' title='bbox 1666 501 1785 576; x_wconf 89' lang='lat' dir='ltr'>conati</span> <span class='ocrx_word' id='word_1_21' title='bbox 1801 504 1873 581; x_wconf 88' lang='lat' dir='ltr'>sint</span> <span class='ocrx_word' id='word_1_22' title='bbox 1891 532 1973 584; x_wconf 88' lang='lat' dir='ltr'>euro</span> <span class='ocrx_word' id='word_1_23' title='bbox 1988 514 2200 610; x_wconf 85' lang='lat' dir='ltr'>opprimere.</span> 
     </span>
     <span class='ocr_line' id='line_1_3' title="bbox 154 593 2200 706; baseline 0.022 -55"><span class='ocrx_word' id='word_1_24' title='bbox 154 629 373 680; x_wconf 54' lang='lat' dir='ltr'>commum</span> <span class='ocrx_word' id='word_1_25' title='bbox 388 608 484 682; x_wconf 64' lang='lat' dir='ltr'>inp„-</span> <span class='ocrx_word' id='word_1_26' title='bbox 500 605 734 682; x_wconf 63' lang='lat' dir='ltr'>Germanicas</span> <span class='ocrx_word' id='word_1_27' title='bbox 756 619 791 678; x_wconf 89' lang='lat' dir='ltr'>et</span> <span class='ocrx_word' id='word_1_28' title='bbox 811 604 1014 699; x_wconf 80' lang='lat' dir='ltr'>peregrinas</span> <span class='ocrx_word' id='word_1_29' title='bbox 1029 599 1154 674; x_wconf 72' lang='lat' dir='ltr'>Eccle.</span> <span class='ocrx_word' id='word_1_30' title='bbox 1206 593 1342 671; x_wconf 87' lang='lat' dir='ltr'>Omnia</span> <span class='ocrx_word' id='word_1_31' title='bbox 1365 613 1484 672; x_wconf 90' lang='lat' dir='ltr'>autem</span> <span class='ocrx_word' id='word_1_32' title='bbox 1505 613 1601 678; x_wconf 90' lang='lat' dir='ltr'>tanta</span> <span class='ocrx_word' id='word_1_33' title='bbox 1624 607 1796 682; x_wconf 87' lang='lat' dir='ltr'>modestia</span> <span class='ocrx_word' id='word_1_34' title='bbox 1821 611 1867 684; x_wconf 90' lang='lat' dir='ltr'>ab</span> <span class='ocrx_word' id='word_1_35' title='bbox 1889 636 1931 686; x_wconf 89' lang='grc' dir='ltr'>ιο</span> <span class='ocrx_word' id='word_1_36' title='bbox 1952 615 2063 706; x_wconf 84' lang='lat' dir='ltr'>fiunt,</span> <span class='ocrx_word' id='word_1_37' title='bbox 2086 636 2126 696; x_wconf 92' lang='lat' dir='ltr'>ut</span> <span class='ocrx_word' id='word_1_38' title='bbox 2144 625 2200 696; x_wconf 85' lang='lat' dir='ltr'>ri·</span> 
     </span>
     <span class='ocr_line' id='line_1_4' title="bbox 154 703 2199 804; baseline 0.019 -42"><span class='ocrx_word' id='word_1_39' title='bbox 154 711 228 786; x_wconf 65' lang='lat'>⁸1„</span> <span class='ocrx_word' id='word_1_40' title='bbox 252 711 292 782; x_wconf 66' lang='lat' dir='ltr'>in</span> <span class='ocrx_word' id='word_1_41' title='bbox 312 709 496 798; x_wconf 65' lang='lat' dir='ltr'>doctrina,</span> <span class='ocrx_word' id='word_1_42' title='bbox 519 708 591 782; x_wconf 85' lang='lat' dir='ltr'>nisi</span> <span class='ocrx_word' id='word_1_43' title='bbox 613 709 711 804; x_wconf 91' lang='lat' dir='ltr'>quod</span> <span class='ocrx_word' id='word_1_44' title='bbox 740 707 779 780; x_wconf 92' lang='lat' dir='ltr'>io</span> <span class='ocrx_word' id='word_1_45' title='bbox 801 708 952 780; x_wconf 86' lang='lat' dir='ltr'>articulo</span> <span class='ocrx_word' id='word_1_46' title='bbox 977 707 1022 778; x_wconf 88' lang='lat' dir='ltr'>de</span> <span class='ocrx_word' id='word_1_47' title='bbox 1043 728 1151 778; x_wconf 88' lang='lat' dir='ltr'>coena</span> <span class='ocrx_word' id='word_1_48' title='bbox 1204 703 1332 774; x_wconf 76' lang='lat' dir='ltr'>dentur</span> <span class='ocrx_word' id='word_1_49' title='bbox 1352 705 1617 798; x_wconf 82' lang='lat' dir='ltr'>quodammodo</span> <span class='ocrx_word' id='word_1_50' title='bbox 1642 733 1715 780; x_wconf 90' lang='lat' dir='ltr'>ooo</span> <span class='ocrx_word' id='word_1_51' title='bbox 1739 716 1876 786; x_wconf 85' lang='lat' dir='ltr'>moveri</span> <span class='ocrx_word' id='word_1_52' title='bbox 1898 719 2078 794; x_wconf 87' lang='lat' dir='ltr'>atrocibus</span> <span class='ocrx_word' id='word_1_53' title='bbox 2100 723 2199 800; x_wconf 90' lang='lat' dir='ltr'>iniu-</span> 
     </span>
     <span class='ocr_line' id='line_1_5' title="bbox 154 803 2198 908; baseline 0.024 -54"><span class='ocrx_word' id='word_1_54' title='bbox 154 809 308 886; x_wconf 64' lang='lat' dir='ltr'>Domqng</span> <span class='ocrx_word' id='word_1_55' title='bbox 334 812 514 906; x_wconf 57' lang='lat' dir='ltr'>peregrini</span> <span class='ocrx_word' id='word_1_56' title='bbox 547 818 758 908; x_wconf 56' lang='lat' dir='ltr'>quassamur</span> <span class='ocrx_word' id='word_1_57' title='bbox 792 809 1082 904; x_wconf 80' lang='lat' dir='ltr'>explicationem,</span> <span class='ocrx_word' id='word_1_58' title='bbox 1116 821 1152 881; x_wconf 88' lang='lat' dir='ltr'>et</span> <span class='ocrx_word' id='word_1_59' title='bbox 1203 803 1287 891; x_wconf 86' lang='lat' dir='ltr'>riis,</span> <span class='ocrx_word' id='word_1_60' title='bbox 1320 806 1452 900; x_wconf 88' lang='lat' dir='ltr'>quihus</span> <span class='ocrx_word' id='word_1_61' title='bbox 1472 805 1659 904; x_wconf 73' lang='lat' dir='ltr'>aliquoties</span> <span class='ocrx_word' id='word_1_62' title='bbox 1680 813 1911 894; x_wconf 79' lang='lat' dir='ltr'>estaffeetus.</span> <span class='ocrx_word' id='word_1_63' title='bbox 1961 817 2198 904; x_wconf 87' lang='lat' dir='ltr'>Concitarunt</span> 
     </span>
     <span class='ocr_line' id='line_1_6' title="bbox 154 908 2195 1004; baseline 0.009 -17"><span class='ocrx_word' id='word_1_64' title='bbox 154 915 288 990; x_wconf 83' lang='lat' dir='ltr'>diserte</span> <span class='ocrx_word' id='word_1_65' title='bbox 309 913 514 1004; x_wconf 84' lang='lat' dir='ltr'>subiunxit,</span> <span class='ocrx_word' id='word_1_66' title='bbox 541 911 613 987; x_wconf 89' lang='lat' dir='ltr'>sibi</span> <span class='ocrx_word' id='word_1_67' title='bbox 630 913 735 986; x_wconf 88' lang='lat' dir='ltr'>etiam</span> <span class='ocrx_word' id='word_1_68' title='bbox 756 935 834 988; x_wconf 81' lang='grc' dir='ltr'><strong>ιιιι</strong></span> <span class='ocrx_word' id='word_1_69' title='bbox 850 937 926 984; x_wconf 84' lang='lat' dir='ltr'>rens</span> <span class='ocrx_word' id='word_1_70' title='bbox 943 911 1057 983; x_wconf 89' lang='lat' dir='ltr'>rideri</span> <span class='ocrx_word' id='word_1_71' title='bbox 1074 934 1148 982; x_wconf 92' lang='lat' dir='ltr'>non</span> <span class='ocrx_word' id='word_1_72' title='bbox 1201 908 1371 979; x_wconf 87' lang='lat' dir='ltr'>adversus</span> <span class='ocrx_word' id='word_1_73' title='bbox 1391 931 1473 979; x_wconf 91' lang='lat' dir='ltr'>cum</span> <span class='ocrx_word' id='word_1_74' title='bbox 1486 908 1621 1001; x_wconf 86' lang='lat' dir='ltr'>Regem</span> <span class='ocrx_word' id='word_1_75' title='bbox 1635 908 1772 988; x_wconf 86' lang='lat' dir='ltr'>Daniae</span> <span class='ocrx_word' id='word_1_76' title='bbox 1793 941 1834 988; x_wconf 89' lang='lat' dir='ltr'>ac</span> <span class='ocrx_word' id='word_1_77' title='bbox 1852 919 1927 992; x_wconf 81' lang='lat' dir='ltr'>iere</span> <span class='ocrx_word' id='word_1_78' title='bbox 1947 947 2073 1000; x_wconf 88' lang='lat' dir='ltr'>omnes</span> <span class='ocrx_word' id='word_1_79' title='bbox 2088 932 2195 1004; x_wconf 90' lang='lat' dir='ltr'>urbes</span> 
     </span>
     <span class='ocr_line' id='line_1_7' title="bbox 155 1009 2195 1114; baseline 0.021 -50"><span class='ocrx_word' id='word_1_80' title='bbox 155 1017 243 1090; x_wconf 65' lang='lat' dir='ltr'>mg,</span> <span class='ocrx_word' id='word_1_81' title='bbox 269 1017 491 1110; x_wconf 60' lang='lat' dir='ltr'>uppem,</span> <span class='ocrx_word' id='word_1_82' title='bbox 541 1014 637 1092; x_wconf 75' lang='lat' dir='ltr'>satis</span> <span class='ocrx_word' id='word_1_83' title='bbox 669 1015 790 1102; x_wconf 46' lang='lat' dir='ltr'>etiam,</span> <span class='ocrx_word' id='word_1_84' title='bbox 808 1015 947 1090; x_wconf 89' lang='lat' dir='ltr'>duriter</span> <span class='ocrx_word' id='word_1_85' title='bbox 980 1028 1066 1086; x_wconf 90' lang='lat' dir='ltr'>tunc</span> <span class='ocrx_word' id='word_1_86' title='bbox 1097 1027 1149 1086; x_wconf 87' lang='lat' dir='ltr'>est</span> <span class='ocrx_word' id='word_1_87' title='bbox 1200 1009 1332 1080; x_wconf 89' lang='lat' dir='ltr'>liberas</span> <span class='ocrx_word' id='word_1_88' title='bbox 1352 1023 1386 1082; x_wconf 90' lang='lat' dir='ltr'>ct</span> <span class='ocrx_word' id='word_1_89' title='bbox 1406 1010 1584 1106; x_wconf 89' lang='lat' dir='ltr'>principes</span> <span class='ocrx_word' id='word_1_90' title='bbox 1608 1015 1787 1088; x_wconf 79' lang='lat' dir='ltr'>inferioris</span> <span class='ocrx_word' id='word_1_91' title='bbox 1802 1018 1998 1114; x_wconf 73' lang='lat' dir='ltr'>saxoniae,</span> <span class='ocrx_word' id='word_1_92' title='bbox 2021 1053 2063 1102; x_wconf 90' lang='lat' dir='ltr'>ac</span> <span class='ocrx_word' id='word_1_93' title='bbox 2087 1031 2195 1106; x_wconf 86' lang='lat' dir='ltr'>ctiam</span> 
     </span>
     <span class='ocr_line' id='line_1_8' title="bbox 155 1105 2193 1228; baseline 0.025 -69"><span class='ocrx_word' id='word_1_94' title='bbox 155 1117 319 1192; x_wconf 55' lang='lat' dir='ltr'>pamm,</span> <span class='ocrx_word' id='word_1_95' title='bbox 343 1119 383 1190; x_wconf 67' lang='lat'>5„</span> <span class='ocrx_word' id='word_1_96' title='bbox 404 1110 663 1218; x_wconf 53' lang='lat' dir='ltr'>Vaegphalum,</span> <span class='ocrx_word' id='word_1_97' title='bbox 712 1114 766 1190; x_wconf 77' lang='lat' dir='ltr'>Ea</span> <span class='ocrx_word' id='word_1_98' title='bbox 789 1118 928 1204; x_wconf 83' lang='lat' dir='ltr'>omnia,</span> <span class='ocrx_word' id='word_1_99' title='bbox 954 1129 994 1188; x_wconf 92' lang='lat' dir='ltr'>ut</span> <span class='ocrx_word' id='word_1_100' title='bbox 1009 1129 1060 1188; x_wconf 91' lang='lat' dir='ltr'>est</span> <span class='ocrx_word' id='word_1_101' title='bbox 1078 1139 1149 1186; x_wconf 91' lang='lat' dir='ltr'>no·</span> <span class='ocrx_word' id='word_1_102' title='bbox 1200 1105 1457 1200; x_wconf 66' lang='lat' dir='ltr'>Thuringum,</span> <span class='ocrx_word' id='word_1_103' title='bbox 1509 1111 1654 1189; x_wconf 87' lang='lat' dir='ltr'>Teutati</span> <span class='ocrx_word' id='word_1_104' title='bbox 1678 1134 1763 1193; x_wconf 90' lang='lat' dir='ltr'>sunt</span> <span class='ocrx_word' id='word_1_105' title='bbox 1784 1133 1820 1194; x_wconf 88' lang='lat' dir='ltr'>et</span> <span class='ocrx_word' id='word_1_106' title='bbox 1841 1125 1904 1196; x_wconf 88' lang='lat' dir='ltr'>alii</span> <span class='ocrx_word' id='word_1_107' title='bbox 1924 1127 2116 1223; x_wconf 89' lang='lat' dir='ltr'>principis,</span> <span class='ocrx_word' id='word_1_108' title='bbox 2141 1135 2193 1228; x_wconf 90' lang='lat' dir='ltr'>(et</span> 
     </span>
     <span class='ocr_line' id='line_1_9' title="bbox 152 1207 2194 1316; baseline 0.023 -51"><span class='ocrx_word' id='word_1_109' title='bbox 152 1221 213 1294; x_wconf 64' lang='lat' dir='ltr'>gi,</span> <span class='ocrx_word' id='word_1_110' title='bbox 230 1243 351 1294; x_wconf 62' lang='lat' dir='ltr'>,mg</span> <span class='ocrx_word' id='word_1_111' title='bbox 367 1219 573 1312; x_wconf 56' lang='lat' dir='ltr'>flambufga</span> <span class='ocrx_word' id='word_1_112' title='bbox 596 1219 851 1314; x_wconf 65' lang='lat' dir='ltr'>significatum,</span> <span class='ocrx_word' id='word_1_113' title='bbox 882 1217 1148 1292; x_wconf 86' lang='lat' dir='ltr'>Hurlmonnus</span> <span class='ocrx_word' id='word_1_114' title='bbox 1199 1213 1239 1285; x_wconf 89' lang='lat' dir='ltr'>in</span> <span class='ocrx_word' id='word_1_115' title='bbox 1262 1215 1306 1285; x_wconf 89' lang='lat' dir='ltr'>iis</span> <span class='ocrx_word' id='word_1_116' title='bbox 1329 1207 1534 1288; x_wconf 84' lang='lat' dir='ltr'>Palatinus</span> <span class='ocrx_word' id='word_1_117' title='bbox 1554 1217 1703 1316; x_wconf 81' lang='lat' dir='ltr'>elector)</span> <span class='ocrx_word' id='word_1_118' title='bbox 1727 1224 1815 1296; x_wconf 88' lang='lat' dir='ltr'>dum</span> <span class='ocrx_word' id='word_1_119' title='bbox 1838 1249 1991 1302; x_wconf 90' lang='lat' dir='ltr'>essemus</span> <span class='ocrx_word' id='word_1_120' title='bbox 2013 1230 2194 1310; x_wconf 85' lang='lat' dir='ltr'>Worma-</span> 
     </span>
    </p>
   </div>
   <div class='ocr_carea' id='block_1_3' title="bbox 153 1315 2276 1434">
    <p class='ocr_par' dir='ltr' id='par_1_3' title="bbox 153 1315 2276 1434">
     <span class='ocr_line' id='line_1_10' title="bbox 153 1315 2276 1434; baseline 0.006 -38"><span class='ocrx_word' id='word_1_121' title='bbox 153 1323 296 1416; x_wconf 88' lang='lat' dir='ltr'>scripsit</span> <span class='ocrx_word' id='word_1_122' title='bbox 312 1323 379 1418; x_wconf 93' lang='lat' dir='ltr'>ipsi</span> <span class='ocrx_word' id='word_1_123' title='bbox 399 1315 626 1422; x_wconf 83' lang='lat' dir='ltr'>Vestphnlo,</span> <span class='ocrx_word' id='word_1_124' title='bbox 645 1323 708 1420; x_wconf 92' lang='lat' dir='ltr'>qui</span> <span class='ocrx_word' id='word_1_125' title='bbox 729 1325 777 1394; x_wconf 93' lang='lat' dir='ltr'>ob</span> <span class='ocrx_word' id='word_1_126' title='bbox 798 1348 874 1394; x_wconf 89' lang='lat' dir='ltr'>earn</span> <span class='ocrx_word' id='word_1_127' title='bbox 900 1349 974 1394; x_wconf 88' lang='lat' dir='ltr'>rem</span> <span class='ocrx_word' id='word_1_128' title='bbox 990 1320 1147 1392; x_wconf 89' lang='lat' dir='ltr'>Domino</span> <span class='ocrx_word' id='word_1_129' title='bbox 1199 1315 1290 1404; x_wconf 89' lang='lat' dir='ltr'>ciac,</span> <span class='ocrx_word' id='word_1_130' title='bbox 1315 1319 1378 1389; x_wconf 88' lang='lat' dir='ltr'>sed</span> <span class='ocrx_word' id='word_1_131' title='bbox 1392 1342 1468 1392; x_wconf 92' lang='lat' dir='ltr'>non</span> <span class='ocrx_word' id='word_1_132' title='bbox 1482 1322 1647 1396; x_wconf 87' lang='lat' dir='ltr'>successit</span> <span class='ocrx_word' id='word_1_133' title='bbox 1658 1325 1859 1416; x_wconf 86' lang='lat' dir='ltr'>negocium.</span> <span class='ocrx_word' id='word_1_134' title='bbox 1901 1325 1931 1402; x_wconf 87' lang='lat' dir='ltr'>li</span> <span class='ocrx_word' id='word_1_135' title='bbox 1947 1357 2072 1406; x_wconf 85' lang='lat' dir='ltr'>ornnes</span> <span class='ocrx_word' id='word_1_136' title='bbox 2088 1339 2191 1434; x_wconf 86' lang='lat' dir='ltr'>prin.</span> <span class='ocrx_word' id='word_1_137' title='bbox 2272 1349 2276 1356; x_wconf 83' lang='lat'>&#39;</span> 
     </span>
    </p>
   </div>
   <div class='ocr_carea' id='block_1_4' title="bbox 151 1417 2191 1843">
    <p class='ocr_par' dir='ltr' id='par_1_4' title="bbox 151 1417 2191 1843">
     <span class='ocr_line' id='line_1_11' title="bbox 152 1417 2191 1530; baseline 0.009 -32"><span class='ocrx_word' id='word_1_138' title='bbox 152 1418 336 1524; x_wconf 83' lang='lat' dir='ltr'>Philippo</span> <span class='ocrx_word' id='word_1_139' title='bbox 358 1426 428 1496; x_wconf 90' lang='lat' dir='ltr'>iam</span> <span class='ocrx_word' id='word_1_140' title='bbox 452 1451 528 1498; x_wconf 89' lang='lat' dir='ltr'>non</span> <span class='ocrx_word' id='word_1_141' title='bbox 552 1441 604 1498; x_wconf 88' lang='lat' dir='ltr'>est</span> <span class='ocrx_word' id='word_1_142' title='bbox 626 1426 746 1496; x_wconf 90' lang='lat' dir='ltr'>minus</span> <span class='ocrx_word' id='word_1_143' title='bbox 770 1425 918 1498; x_wconf 81' lang='lat' dir='ltr'>infestus</span> <span class='ocrx_word' id='word_1_144' title='bbox 937 1449 1043 1520; x_wconf 89' lang='lat' dir='ltr'>quam</span> <span class='ocrx_word' id='word_1_145' title='bbox 1067 1423 1147 1508; x_wconf 91' lang='lat' dir='ltr'>tibi,</span> <span class='ocrx_word' id='word_1_146' title='bbox 1199 1417 1341 1510; x_wconf 73' lang='lat' dir='ltr'>ciperet</span> <span class='ocrx_word' id='word_1_147' title='bbox 1355 1420 1481 1508; x_wconf 90' lang='lat' dir='ltr'>urbes,</span> <span class='ocrx_word' id='word_1_148' title='bbox 1505 1423 1550 1494; x_wconf 92' lang='lat' dir='ltr'>de</span> <span class='ocrx_word' id='word_1_149' title='bbox 1565 1425 1696 1520; x_wconf 89' lang='lat' dir='ltr'>quibus</span> <span class='ocrx_word' id='word_1_150' title='bbox 1711 1427 1797 1514; x_wconf 84' lang='lat' dir='ltr'>dixi,</span> <span class='ocrx_word' id='word_1_151' title='bbox 1822 1430 1938 1504; x_wconf 86' lang='lat' dir='ltr'>missis</span> <span class='ocrx_word' id='word_1_152' title='bbox 1952 1435 2191 1530; x_wconf 87' lang='lat' dir='ltr'>legationibus</span> 
     </span>
     <span class='ocr_line' id='line_1_12' title="bbox 151 1521 2191 1624; baseline 0.003 -25"><span class='ocrx_word' id='word_1_153' title='bbox 151 1529 386 1624; x_wconf 82' lang='lat' dir='ltr'>quotidieque</span> <span class='ocrx_word' id='word_1_154' title='bbox 414 1528 452 1599; x_wconf 90' lang='lat' dir='ltr'>in</span> <span class='ocrx_word' id='word_1_155' title='bbox 482 1527 556 1600; x_wconf 90' lang='lat' dir='ltr'>suis</span> <span class='ocrx_word' id='word_1_156' title='bbox 585 1529 817 1600; x_wconf 73' lang='lat' dir='ltr'>concionibus</span> <span class='ocrx_word' id='word_1_157' title='bbox 848 1523 1085 1600; x_wconf 81' lang='lat' dir='ltr'>debacchatur</span> <span class='ocrx_word' id='word_1_158' title='bbox 1107 1525 1147 1594; x_wconf 93' lang='lat' dir='ltr'>in</span> <span class='ocrx_word' id='word_1_159' title='bbox 1199 1525 1244 1592; x_wconf 86' lang='lat' dir='ltr'>ed</span> <span class='ocrx_word' id='word_1_160' title='bbox 1269 1521 1477 1604; x_wconf 79' lang='lat' dir='ltr'>Brensenses</span> <span class='ocrx_word' id='word_1_161' title='bbox 1498 1527 1588 1598; x_wconf 92' lang='lat' dir='ltr'>dura</span> <span class='ocrx_word' id='word_1_162' title='bbox 1612 1528 1831 1602; x_wconf 89' lang='lat' dir='ltr'>interminati</span> <span class='ocrx_word' id='word_1_163' title='bbox 1850 1550 1951 1622; x_wconf 81' lang='lat' dir='ltr'>stant,</span> <span class='ocrx_word' id='word_1_164' title='bbox 1971 1539 2042 1610; x_wconf 94' lang='lat' dir='ltr'>nisi</span> <span class='ocrx_word' id='word_1_165' title='bbox 2057 1537 2191 1615; x_wconf 83' lang='lat' dir='ltr'>Alber.</span> 
     </span>
     <span class='ocr_line' id='line_1_13' title="bbox 152 1623 2191 1724; baseline 0.008 -22"><span class='ocrx_word' id='word_1_166' title='bbox 152 1651 253 1716; x_wconf 85' lang='lat' dir='ltr'>eum,</span> <span class='ocrx_word' id='word_1_167' title='bbox 273 1645 308 1702; x_wconf 89' lang='lat' dir='ltr'>et</span> <span class='ocrx_word' id='word_1_168' title='bbox 322 1629 409 1702; x_wconf 88' lang='lat' dir='ltr'>dicit</span> <span class='ocrx_word' id='word_1_169' title='bbox 424 1655 498 1702; x_wconf 89' lang='lat' dir='ltr'>esse</span> <span class='ocrx_word' id='word_1_170' title='bbox 513 1631 836 1708; x_wconf 64' lang='lat' dir='ltr'>atramentarium.</span> <span class='ocrx_word' id='word_1_171' title='bbox 868 1629 938 1704; x_wconf 87' lang='lat' dir='ltr'>Sed</span> <span class='ocrx_word' id='word_1_172' title='bbox 954 1629 1024 1700; x_wconf 90' lang='lat' dir='ltr'>iam</span> <span class='ocrx_word' id='word_1_173' title='bbox 1041 1627 1146 1703; x_wconf 89' lang='lat' dir='ltr'>Dom.</span> <span class='ocrx_word' id='word_1_174' title='bbox 1198 1632 1275 1696; x_wconf 80' lang='lat' dir='ltr'>lum</span> <span class='ocrx_word' id='word_1_175' title='bbox 1292 1623 1511 1698; x_wconf 74' lang='lat' dir='ltr'>dimitterent</span> <span class='ocrx_word' id='word_1_176' title='bbox 1526 1641 1588 1700; x_wconf 88' lang='lat' dir='ltr'>aut</span> <span class='ocrx_word' id='word_1_177' title='bbox 1602 1651 1881 1724; x_wconf 84' lang='lat' dir='ltr'>compescerent,</span> <span class='ocrx_word' id='word_1_178' title='bbox 1906 1651 1940 1708; x_wconf 92' lang='lat' dir='ltr'>et</span> <span class='ocrx_word' id='word_1_179' title='bbox 1958 1665 2017 1714; x_wconf 92' lang='grc' dir='ltr'>ιιι</span> <span class='ocrx_word' id='word_1_180' title='bbox 2032 1639 2191 1720; x_wconf 85' lang='lat' dir='ltr'>Dacicus</span> 
     </span>
     <span class='ocr_line' id='line_1_14' title="bbox 151 1725 2190 1843; baseline 0.004 -39"><span class='ocrx_word' id='word_1_181' title='bbox 151 1725 360 1832; x_wconf 87' lang='lat' dir='ltr'>Philippus</span> <span class='ocrx_word' id='word_1_182' title='bbox 389 1731 487 1806; x_wconf 88' lang='lat' dir='ltr'>misit</span> <span class='ocrx_word' id='word_1_183' title='bbox 512 1733 558 1804; x_wconf 88' lang='lat' dir='ltr'>ad</span> <span class='ocrx_word' id='word_1_184' title='bbox 586 1730 791 1826; x_wconf 77' lang='lat' dir='ltr'>Principem</span> <span class='ocrx_word' id='word_1_185' title='bbox 821 1737 1031 1828; x_wconf 82' lang='lat' dir='ltr'>Augustum</span> <span class='ocrx_word' id='word_1_186' title='bbox 1057 1731 1146 1802; x_wconf 88' lang='lat' dir='ltr'>scri-</span> <span class='ocrx_word' id='word_1_187' title='bbox 1198 1727 1379 1798; x_wconf 81' lang='lat' dir='ltr'>interdixit</span> <span class='ocrx_word' id='word_1_188' title='bbox 1396 1753 1456 1799; x_wconf 88' lang='lat' dir='ltr'>eos</span> <span class='ocrx_word' id='word_1_189' title='bbox 1472 1730 1714 1820; x_wconf 75' lang='lat' dir='ltr'>negociatione</span> <span class='ocrx_word' id='word_1_190' title='bbox 1729 1733 1765 1804; x_wconf 92' lang='lat' dir='ltr'>in</span> <span class='ocrx_word' id='word_1_191' title='bbox 1781 1737 1855 1808; x_wconf 92' lang='lat' dir='ltr'>suis</span> <span class='ocrx_word' id='word_1_192' title='bbox 1871 1741 2000 1832; x_wconf 87' lang='lat' dir='ltr'>regnis.</span> <span class='ocrx_word' id='word_1_193' title='bbox 2038 1744 2190 1843; x_wconf 67' lang='lat' dir='ltr'>Scripsit</span> 
     </span>
    </p>
   </div>
   <div class='ocr_carea' id='block_1_5' title="bbox 151 1829 2310 1948">
    <p class='ocr_par' dir='ltr' id='par_1_5' title="bbox 151 1829 2310 1948">
     <span class='ocr_line' id='line_1_15' title="bbox 151 1829 2310 1948; baseline 0.006 -40"><span class='ocrx_word' id='word_1_194' title='bbox 151 1848 276 1927; x_wconf 84' lang='lat' dir='ltr'>ptum,</span> <span class='ocrx_word' id='word_1_195' title='bbox 300 1835 397 1928; x_wconf 91' lang='lat' dir='ltr'>quod</span> <span class='ocrx_word' id='word_1_196' title='bbox 414 1835 477 1908; x_wconf 91' lang='lat' dir='ltr'>ubi</span> <span class='ocrx_word' id='word_1_197' title='bbox 491 1849 692 1927; x_wconf 72' lang='lat' dir='ltr'>spargetur,</span> <span class='ocrx_word' id='word_1_198' title='bbox 718 1847 828 1908; x_wconf 91' lang='lat' dir='ltr'>totam</span> <span class='ocrx_word' id='word_1_199' title='bbox 844 1835 941 1908; x_wconf 89' lang='lat' dir='ltr'>illam</span> <span class='ocrx_word' id='word_1_200' title='bbox 956 1835 1144 1906; x_wconf 75' lang='lat' dir='ltr'>factionem</span> <span class='ocrx_word' id='word_1_201' title='bbox 1198 1829 1305 1900; x_wconf 90' lang='lat' dir='ltr'>etiam</span> <span class='ocrx_word' id='word_1_202' title='bbox 1326 1829 1410 1901; x_wconf 89' lang='lat' dir='ltr'>satis</span> <span class='ocrx_word' id='word_1_203' title='bbox 1431 1829 1619 1924; x_wconf 87' lang='lat' dir='ltr'>imperiose</span> <span class='ocrx_word' id='word_1_204' title='bbox 1638 1829 1697 1931; x_wconf 91' lang='lat' dir='ltr'>(ut</span> <span class='ocrx_word' id='word_1_205' title='bbox 1719 1831 1814 1910; x_wconf 90' lang='lat' dir='ltr'>nihil</span> <span class='ocrx_word' id='word_1_206' title='bbox 1836 1842 1963 1916; x_wconf 90' lang='lat' dir='ltr'>durius</span> <span class='ocrx_word' id='word_1_207' title='bbox 1983 1847 2119 1948; x_wconf 86' lang='lat' dir='ltr'>dicam)</span> <span class='ocrx_word' id='word_1_208' title='bbox 2143 1857 2188 1926; x_wconf 87' lang='lat' dir='ltr'>ad</span> <span class='ocrx_word' id='word_1_209' title='bbox 2306 1894 2310 1908; x_wconf 49' lang='grc' dir='ltr'>ι</span> 
     </span>
    </p>
   </div>
   <div class='ocr_carea' id='block_1_6' title="bbox 150 1921 2206 5614">
    <p class='ocr_par' dir='ltr' id='par_1_6' title="bbox 150 1921 2206 5614">
     <span class='ocr_line' id='line_1_16' title="bbox 151 1921 2189 2032; baseline 0.01 -25"><span class='ocrx_word' id='word_1_210' title='bbox 151 1937 204 2007; x_wconf 87' lang='lat' dir='ltr'>ita</span> <span class='ocrx_word' id='word_1_211' title='bbox 220 1935 393 2022; x_wconf 83' lang='lat' dir='ltr'>offendet,</span> <span class='ocrx_word' id='word_1_212' title='bbox 418 1953 458 2010; x_wconf 91' lang='lat' dir='ltr'>ut</span> <span class='ocrx_word' id='word_1_213' title='bbox 472 1937 689 2018; x_wconf 82' lang='lat' dir='ltr'>existimem,</span> <span class='ocrx_word' id='word_1_214' title='bbox 715 1961 775 2008; x_wconf 89' lang='lat' dir='ltr'>eos</span> <span class='ocrx_word' id='word_1_215' title='bbox 792 1963 865 2008; x_wconf 92' lang='lat' dir='ltr'>uon</span> <span class='ocrx_word' id='word_1_216' title='bbox 887 1937 955 2008; x_wconf 90' lang='lat' dir='ltr'>sibi</span> <span class='ocrx_word' id='word_1_217' title='bbox 973 1951 1146 2028; x_wconf 89' lang='lat' dir='ltr'>tempera·</span> <span class='ocrx_word' id='word_1_218' title='bbox 1197 1931 1302 2007; x_wconf 91' lang='lat' dir='ltr'>Dom.</span> <span class='ocrx_word' id='word_1_219' title='bbox 1319 1921 1538 2031; x_wconf 80' lang='lat' dir='ltr'>Philippum</span> <span class='ocrx_word' id='word_1_220' title='bbox 1555 1959 1596 2008; x_wconf 98' lang='grc' dir='ltr'>ιο</span> <span class='ocrx_word' id='word_1_221' title='bbox 1614 1940 1710 2032; x_wconf 89' lang='lat' dir='ltr'>quod</span> <span class='ocrx_word' id='word_1_222' title='bbox 1731 1964 1812 2014; x_wconf 89' lang='lat' dir='ltr'>cum</span> <span class='ocrx_word' id='word_1_223' title='bbox 1830 1937 1985 2017; x_wconf 79' lang='lat' dir='ltr'>Allecto</span> <span class='ocrx_word' id='word_1_224' title='bbox 1997 1949 2189 2028; x_wconf 87' lang='lat' dir='ltr'>amicitiam</span> 
     </span>
     <span class='ocr_line' id='line_1_17' title="bbox 152 2035 2190 2135; baseline 0.009 -26"><span class='ocrx_word' id='word_1_225' title='bbox 152 2054 275 2124; x_wconf 87' lang='lat' dir='ltr'>turos,</span> <span class='ocrx_word' id='word_1_226' title='bbox 305 2039 395 2135; x_wconf 93' lang='lat' dir='ltr'>quin</span> <span class='ocrx_word' id='word_1_227' title='bbox 423 2041 735 2134; x_wconf 86' lang='lat' dir='ltr'>publicisscriptis</span> <span class='ocrx_word' id='word_1_228' title='bbox 764 2053 1004 2133; x_wconf 83' lang='lat' dir='ltr'>competant.</span> <span class='ocrx_word' id='word_1_229' title='bbox 1055 2035 1146 2109; x_wconf 84' lang='lat' dir='ltr'>Tres</span> <span class='ocrx_word' id='word_1_230' title='bbox 1198 2035 1308 2120; x_wconf 88' lang='lat' dir='ltr'>colat,</span> <span class='ocrx_word' id='word_1_231' title='bbox 1331 2047 1366 2104; x_wconf 87' lang='lat' dir='ltr'>et</span> <span class='ocrx_word' id='word_1_232' title='bbox 1382 2037 1592 2124; x_wconf 84' lang='lat' dir='ltr'>postulavit,</span> <span class='ocrx_word' id='word_1_233' title='bbox 1615 2035 1808 2112; x_wconf 84' lang='lat' dir='ltr'>Alherlum</span> <span class='ocrx_word' id='word_1_234' title='bbox 1823 2049 2067 2129; x_wconf 86' lang='lat' dir='ltr'>condemnari.</span> <span class='ocrx_word' id='word_1_235' title='bbox 2117 2053 2190 2132; x_wconf 86' lang='lat' dir='ltr'>Sed</span> 
     </span>
     <span class='ocr_line' id='line_1_18' title="bbox 152 2125 2191 2242; baseline 0.011 -32"><span class='ocrx_word' id='word_1_236' title='bbox 152 2141 254 2211; x_wconf 88' lang='lat' dir='ltr'>enim</span> <span class='ocrx_word' id='word_1_237' title='bbox 270 2141 438 2212; x_wconf 75' lang='lat' dir='ltr'>electores</span> <span class='ocrx_word' id='word_1_238' title='bbox 453 2138 681 2234; x_wconf 80' lang='lat' dir='ltr'>Augustanus</span> <span class='ocrx_word' id='word_1_239' title='bbox 696 2143 945 2227; x_wconf 82' lang='lat' dir='ltr'>consessionis,</span> <span class='ocrx_word' id='word_1_240' title='bbox 965 2154 1146 2235; x_wconf 85' lang='lat' dir='ltr'>praeterea</span> <span class='ocrx_word' id='word_1_241' title='bbox 1197 2135 1303 2210; x_wconf 87' lang='lat' dir='ltr'>Dorn.</span> <span class='ocrx_word' id='word_1_242' title='bbox 1316 2125 1519 2233; x_wconf 78' lang='lat' dir='ltr'>Philippus</span> <span class='ocrx_word' id='word_1_243' title='bbox 1532 2139 1674 2230; x_wconf 84' lang='lat' dir='ltr'>(solitus</span> <span class='ocrx_word' id='word_1_244' title='bbox 1688 2143 1776 2214; x_wconf 86' lang='lat' dir='ltr'>alias</span> <span class='ocrx_word' id='word_1_245' title='bbox 1791 2147 1929 2242; x_wconf 87' lang='lat' dir='ltr'>saepius</span> <span class='ocrx_word' id='word_1_246' title='bbox 1944 2153 1990 2224; x_wconf 90' lang='lat' dir='ltr'>ad</span> <span class='ocrx_word' id='word_1_247' title='bbox 2006 2177 2087 2228; x_wconf 83' lang='lat' dir='ltr'>eum</span> <span class='ocrx_word' id='word_1_248' title='bbox 2103 2161 2191 2232; x_wconf 88' lang='lat' dir='ltr'>scri-</span> 
     </span>
     <span class='ocr_line' id='line_1_19' title="bbox 152 2231 2206 2356; baseline 0.012 -46"><span class='ocrx_word' id='word_1_249' title='bbox 152 2239 522 2332; x_wconf 87' lang='lat' dir='ltr'>Wirtembergensis,</span> <span class='ocrx_word' id='word_1_250' title='bbox 546 2241 680 2314; x_wconf 88' lang='lat' dir='ltr'>Hessus</span> <span class='ocrx_word' id='word_1_251' title='bbox 700 2256 735 2316; x_wconf 89' lang='lat' dir='ltr'>et</span> <span class='ocrx_word' id='word_1_252' title='bbox 753 2245 816 2314; x_wconf 89' lang='lat' dir='ltr'>alii</span> <span class='ocrx_word' id='word_1_253' title='bbox 838 2245 1015 2338; x_wconf 88' lang='lat' dir='ltr'>principes</span> <span class='ocrx_word' id='word_1_254' title='bbox 1036 2257 1070 2314; x_wconf 93' lang='lat' dir='ltr'>et</span> <span class='ocrx_word' id='word_1_255' title='bbox 1084 2267 1147 2314; x_wconf 92' lang='grc' dir='ltr'>ιο-</span> <span class='ocrx_word' id='word_1_256' title='bbox 1197 2239 1296 2331; x_wconf 79' lang='lat' dir='ltr'>bere)</span> <span class='ocrx_word' id='word_1_257' title='bbox 1312 2231 1405 2308; x_wconf 89' lang='lat' dir='ltr'>nihil</span> <span class='ocrx_word' id='word_1_258' title='bbox 1418 2241 1462 2308; x_wconf 91' lang='lat' dir='ltr'>ad</span> <span class='ocrx_word' id='word_1_259' title='bbox 1479 2234 1565 2312; x_wconf 91' lang='lat' dir='ltr'>haec</span> <span class='ocrx_word' id='word_1_260' title='bbox 1580 2245 1774 2336; x_wconf 89' lang='lat' dir='ltr'>respondit,</span> <span class='ocrx_word' id='word_1_261' title='bbox 1799 2263 1834 2324; x_wconf 89' lang='grc' dir='ltr'>ιι</span> <span class='ocrx_word' id='word_1_262' title='bbox 1847 2274 1922 2324; x_wconf 87' lang='lat' dir='ltr'>noo</span> <span class='ocrx_word' id='word_1_263' title='bbox 1935 2255 2076 2346; x_wconf 90' lang='lat' dir='ltr'>dubito,</span> <span class='ocrx_word' id='word_1_264' title='bbox 2100 2262 2206 2356; x_wconf 90' lang='lat' dir='ltr'>quin</span> 
     </span>
     <span class='ocr_line' id='line_1_20' title="bbox 152 2339 2200 2438; baseline 0.009 -24"><span class='ocrx_word' id='word_1_265' title='bbox 152 2339 443 2416; x_wconf 85' lang='lat' dir='ltr'>miteslihenani</span> <span class='ocrx_word' id='word_1_266' title='bbox 468 2345 730 2418; x_wconf 90' lang='lat' dir='ltr'>constituerunt</span> <span class='ocrx_word' id='word_1_267' title='bbox 749 2359 826 2438; x_wconf 89' lang='lat' dir='ltr'>post</span> <span class='ocrx_word' id='word_1_268' title='bbox 848 2345 1146 2420; x_wconf 84' lang='lat' dir='ltr'>Francoiordien.</span> <span class='ocrx_word' id='word_1_269' title='bbox 1198 2365 1236 2412; x_wconf 86' lang='lat' dir='ltr'>ea</span> <span class='ocrx_word' id='word_1_270' title='bbox 1261 2365 1299 2410; x_wconf 91' lang='lat' dir='ltr'>re</span> <span class='ocrx_word' id='word_1_271' title='bbox 1313 2339 1448 2430; x_wconf 80' lang='lat' dir='ltr'>Regem</span> <span class='ocrx_word' id='word_1_272' title='bbox 1465 2342 1568 2416; x_wconf 87' lang='lat' dir='ltr'>valde</span> <span class='ocrx_word' id='word_1_273' title='bbox 1585 2345 1789 2429; x_wconf 87' lang='lat' dir='ltr'>offenderit.</span> <span class='ocrx_word' id='word_1_274' title='bbox 1838 2347 2046 2430; x_wconf 80' lang='lat' dir='ltr'>Adversarii</span> <span class='ocrx_word' id='word_1_275' title='bbox 2070 2377 2200 2436; x_wconf 90' lang='lat' dir='ltr'>autem·</span> 
     </span>
     <span class='ocr_line' id='line_1_21' title="bbox 153 2437 2189 2550; baseline 0.01 -34"><span class='ocrx_word' id='word_1_276' title='bbox 153 2469 230 2516; x_wconf 88' lang='lat' dir='ltr'>sem</span> <span class='ocrx_word' id='word_1_277' title='bbox 247 2463 463 2518; x_wconf 77' lang='lat' dir='ltr'>concentum</span> <span class='ocrx_word' id='word_1_278' title='bbox 479 2449 676 2520; x_wconf 87' lang='lat' dir='ltr'>deliberare</span> <span class='ocrx_word' id='word_1_279' title='bbox 691 2453 736 2519; x_wconf 92' lang='lat' dir='ltr'>de</span> <span class='ocrx_word' id='word_1_280' title='bbox 750 2451 991 2541; x_wconf 83' lang='lat' dir='ltr'>congreganda</span> <span class='ocrx_word' id='word_1_281' title='bbox 1008 2449 1145 2546; x_wconf 81' lang='lat' dir='ltr'>synodo</span> <span class='ocrx_word' id='word_1_282' title='bbox 1198 2437 1364 2530; x_wconf 79' lang='lat' dir='ltr'>Atheru‘,</span> <span class='ocrx_word' id='word_1_283' title='bbox 1387 2463 1469 2512; x_wconf 91' lang='lat' dir='ltr'>cum</span> <span class='ocrx_word' id='word_1_284' title='bbox 1482 2445 1601 2516; x_wconf 90' lang='lat' dir='ltr'>omnia</span> <span class='ocrx_word' id='word_1_285' title='bbox 1624 2449 1795 2526; x_wconf 78' lang='lat' dir='ltr'>tentarint</span> <span class='ocrx_word' id='word_1_286' title='bbox 1810 2467 1843 2526; x_wconf 90' lang='grc' dir='ltr'>ιι</span> <span class='ocrx_word' id='word_1_287' title='bbox 1864 2450 1958 2527; x_wconf 89' lang='lat' dir='ltr'>nihil</span> <span class='ocrx_word' id='word_1_288' title='bbox 1974 2468 2189 2550; x_wconf 75' lang='lat' dir='ltr'>successerit,</span> 
     </span>
     <span class='ocr_line' id='line_1_22' title="bbox 157 2543 2189 2646; baseline 0.01 -28"><span class='ocrx_word' id='word_1_289' title='bbox 157 2571 201 2618; x_wconf 89' lang='grc' dir='ltr'>ιι</span> <span class='ocrx_word' id='word_1_290' title='bbox 223 2543 297 2618; x_wconf 84' lang='grc' dir='ltr'><strong>ιιιίι</strong></span> <span class='ocrx_word' id='word_1_291' title='bbox 318 2551 361 2618; x_wconf 87' lang='lat' dir='ltr'>ad</span> <span class='ocrx_word' id='word_1_292' title='bbox 387 2549 544 2620; x_wconf 88' lang='lat' dir='ltr'>tollenda</span> <span class='ocrx_word' id='word_1_293' title='bbox 560 2573 599 2619; x_wconf 87' lang='lat' dir='ltr'>ea</span> <span class='ocrx_word' id='word_1_294' title='bbox 615 2551 773 2633; x_wconf 87' lang='lat' dir='ltr'>dissidia,</span> <span class='ocrx_word' id='word_1_295' title='bbox 799 2553 929 2646; x_wconf 89' lang='lat' dir='ltr'>quibus</span> <span class='ocrx_word' id='word_1_296' title='bbox 947 2553 1073 2622; x_wconf 87' lang='lat' dir='ltr'>misere</span> <span class='ocrx_word' id='word_1_297' title='bbox 1089 2549 1146 2620; x_wconf 89' lang='lat' dir='ltr'>di·</span> <span class='ocrx_word' id='word_1_298' title='bbox 1198 2547 1269 2617; x_wconf 90' lang='lat' dir='ltr'>iam</span> <span class='ocrx_word' id='word_1_299' title='bbox 1283 2545 1381 2616; x_wconf 81' lang='lat' dir='ltr'>velut</span> <span class='ocrx_word' id='word_1_300' title='bbox 1396 2569 1522 2637; x_wconf 89' lang='lat' dir='ltr'>vespae</span> <span class='ocrx_word' id='word_1_301' title='bbox 1542 2547 1675 2622; x_wconf 91' lang='lat' dir='ltr'>relictis</span> <span class='ocrx_word' id='word_1_302' title='bbox 1691 2550 1731 2622; x_wconf 90' lang='lat' dir='ltr'>in</span> <span class='ocrx_word' id='word_1_303' title='bbox 1747 2553 1896 2628; x_wconf 86' lang='lat' dir='ltr'>vulnere</span> <span class='ocrx_word' id='word_1_304' title='bbox 1916 2561 2048 2634; x_wconf 89' lang='lat' dir='ltr'>aculeis</span> <span class='ocrx_word' id='word_1_305' title='bbox 2068 2566 2189 2640; x_wconf 88' lang='lat' dir='ltr'>minus</span> 
     </span>
     <span class='ocr_line' id='line_1_23' title="bbox 158 2645 2190 2756; baseline 0.009 -38"><span class='ocrx_word' id='word_1_306' title='bbox 158 2651 360 2722; x_wconf 86' lang='lat' dir='ltr'>lacerantur</span> <span class='ocrx_word' id='word_1_307' title='bbox 379 2645 555 2721; x_wconf 82' lang='lat' dir='ltr'>Ecclesiae</span> <span class='ocrx_word' id='word_1_308' title='bbox 578 2649 822 2728; x_wconf 82' lang='lat' dir='ltr'>Gernmnicae.</span> <span class='ocrx_word' id='word_1_309' title='bbox 874 2652 1058 2725; x_wconf 84' lang='lat' dir='ltr'>Petienrnt</span> <span class='ocrx_word' id='word_1_310' title='bbox 1079 2653 1146 2722; x_wconf 79' lang='lat' dir='ltr'>ita.</span> <span class='ocrx_word' id='word_1_311' title='bbox 1196 2647 1384 2720; x_wconf 84' lang='lat' dir='ltr'>ferociunt.</span> <span class='ocrx_word' id='word_1_312' title='bbox 1438 2646 1517 2740; x_wconf 84' lang='lat' dir='ltr'>lpse</span> <span class='ocrx_word' id='word_1_313' title='bbox 1533 2645 1707 2724; x_wconf 78' lang='lat' dir='ltr'>Alhertus</span> <span class='ocrx_word' id='word_1_314' title='bbox 1726 2657 1961 2732; x_wconf 72' lang='lat' dir='ltr'>suadentibus</span> <span class='ocrx_word' id='word_1_315' title='bbox 1984 2666 2124 2756; x_wconf 87' lang='lat' dir='ltr'>amicis,</span> <span class='ocrx_word' id='word_1_316' title='bbox 2149 2683 2190 2742; x_wconf 87' lang='lat' dir='ltr'>ut</span> 
     </span>
     <span class='ocr_line' id='line_1_24' title="bbox 156 2743 2189 2855; baseline 0.01 -38"><span class='ocrx_word' id='word_1_317' title='bbox 156 2775 259 2846; x_wconf 91' lang='lat' dir='ltr'>quea</span> <span class='ocrx_word' id='word_1_318' title='bbox 277 2749 382 2826; x_wconf 91' lang='lat' dir='ltr'>Dom.</span> <span class='ocrx_word' id='word_1_319' title='bbox 397 2743 593 2850; x_wconf 86' lang='lat' dir='ltr'>Philippo,</span> <span class='ocrx_word' id='word_1_320' title='bbox 619 2769 657 2826; x_wconf 90' lang='lat' dir='ltr'>ut</span> <span class='ocrx_word' id='word_1_321' title='bbox 675 2755 758 2848; x_wconf 86' lang='lat' dir='ltr'>ipsis</span> <span class='ocrx_word' id='word_1_322' title='bbox 775 2758 903 2826; x_wconf 80' lang='lat' dir='ltr'>diserte</span> <span class='ocrx_word' id='word_1_323' title='bbox 921 2755 1145 2848; x_wconf 81' lang='lat' dir='ltr'>signiticaret,</span> <span class='ocrx_word' id='word_1_324' title='bbox 1197 2749 1480 2822; x_wconf 88' lang='lat' dir='ltr'>adversariorum</span> <span class='ocrx_word' id='word_1_325' title='bbox 1508 2751 1623 2824; x_wconf 85' lang='lat' dir='ltr'>furori</span> <span class='ocrx_word' id='word_1_326' title='bbox 1646 2756 1803 2846; x_wconf 87' lang='lat' dir='ltr'>cederet,</span> <span class='ocrx_word' id='word_1_327' title='bbox 1826 2765 2031 2855; x_wconf 87' lang='lat' dir='ltr'>respondit,</span> <span class='ocrx_word' id='word_1_328' title='bbox 2058 2791 2096 2840; x_wconf 89' lang='lat' dir='ltr'>se</span> <span class='ocrx_word' id='word_1_329' title='bbox 2114 2795 2189 2842; x_wconf 82' lang='lat' dir='ltr'>non</span> 
     </span>
     <span class='ocr_line' id='line_1_25' title="bbox 156 2852 2189 2962; baseline 0.011 -40"><span class='ocrx_word' id='word_1_330' title='bbox 156 2877 311 2948; x_wconf 89' lang='lat' dir='ltr'>quanam</span> <span class='ocrx_word' id='word_1_331' title='bbox 335 2856 472 2926; x_wconf 87' lang='lat' dir='ltr'>ratione</span> <span class='ocrx_word' id='word_1_332' title='bbox 493 2858 720 2926; x_wconf 85' lang='lat' dir='ltr'>concordium</span> <span class='ocrx_word' id='word_1_333' title='bbox 743 2859 780 2927; x_wconf 91' lang='lat' dir='ltr'>in</span> <span class='ocrx_word' id='word_1_334' title='bbox 796 2855 951 2929; x_wconf 81' lang='lat' dir='ltr'>Ecclesia</span> <span class='ocrx_word' id='word_1_335' title='bbox 977 2855 1143 2928; x_wconf 91' lang='lat' dir='ltr'>constitui</span> <span class='ocrx_word' id='word_1_336' title='bbox 1197 2877 1395 2938; x_wconf 86' lang='lat' dir='ltr'>cessurum,</span> <span class='ocrx_word' id='word_1_337' title='bbox 1421 2852 1558 2924; x_wconf 89' lang='lat' dir='ltr'>etiamsi</span> <span class='ocrx_word' id='word_1_338' title='bbox 1574 2856 1621 2926; x_wconf 85' lang='lat' dir='ltr'>ab</span> <span class='ocrx_word' id='word_1_339' title='bbox 1636 2861 1804 2931; x_wconf 90' lang='lat' dir='ltr'>omnibus</span> <span class='ocrx_word' id='word_1_340' title='bbox 1818 2866 2010 2956; x_wconf 85' lang='lat' dir='ltr'>deseratur,</span> <span class='ocrx_word' id='word_1_341' title='bbox 2036 2883 2070 2942; x_wconf 90' lang='lat' dir='ltr'>et</span> <span class='ocrx_word' id='word_1_342' title='bbox 2086 2895 2189 2962; x_wconf 88' lang='lat' dir='ltr'>para·</span> 
     </span>
     <span class='ocr_line' id='line_1_26' title="bbox 156 2955 2189 3064; baseline 0.011 -39"><span class='ocrx_word' id='word_1_343' title='bbox 156 2979 257 3050; x_wconf 88' lang='lat' dir='ltr'>posse</span> <span class='ocrx_word' id='word_1_344' title='bbox 272 2955 463 3042; x_wconf 87' lang='lat' dir='ltr'>iudicaret,</span> <span class='ocrx_word' id='word_1_345' title='bbox 489 2973 523 3029; x_wconf 90' lang='lat' dir='ltr'>et</span> <span class='ocrx_word' id='word_1_346' title='bbox 542 2960 628 3052; x_wconf 86' lang='lat' dir='ltr'>quid</span> <span class='ocrx_word' id='word_1_347' title='bbox 647 2960 821 3052; x_wconf 89' lang='lat' dir='ltr'>optimum</span> <span class='ocrx_word' id='word_1_348' title='bbox 844 2961 937 3032; x_wconf 86' lang='lat' dir='ltr'>lactu</span> <span class='ocrx_word' id='word_1_349' title='bbox 959 2961 997 3030; x_wconf 91' lang='lat' dir='ltr'>in</span> <span class='ocrx_word' id='word_1_350' title='bbox 1013 2973 1088 3032; x_wconf 91' lang='lat' dir='ltr'>toto</span> <span class='ocrx_word' id='word_1_351' title='bbox 1104 2983 1145 3029; x_wconf 85' lang='lat' dir='ltr'>eo</span> <span class='ocrx_word' id='word_1_352' title='bbox 1197 2969 1273 3026; x_wconf 81' lang='lat' dir='ltr'>turn</span> <span class='ocrx_word' id='word_1_353' title='bbox 1297 2979 1370 3024; x_wconf 89' lang='lat' dir='ltr'>esse</span> <span class='ocrx_word' id='word_1_354' title='bbox 1391 2955 1499 3024; x_wconf 88' lang='lat' dir='ltr'>vitam</span> <span class='ocrx_word' id='word_1_355' title='bbox 1525 2957 1563 3026; x_wconf 93' lang='lat' dir='ltr'>in</span> <span class='ocrx_word' id='word_1_356' title='bbox 1588 2982 1627 3028; x_wconf 85' lang='lat' dir='ltr'>ea</span> <span class='ocrx_word' id='word_1_357' title='bbox 1650 2985 1753 3032; x_wconf 88' lang='lat' dir='ltr'>causa</span> <span class='ocrx_word' id='word_1_358' title='bbox 1772 2965 1999 3056; x_wconf 82' lang='lat' dir='ltr'>profundere.</span> <span class='ocrx_word' id='word_1_359' title='bbox 2050 2969 2189 3064; x_wconf 85' lang='lat' dir='ltr'>Dignus</span> 
     </span>
     <span class='ocr_line' id='line_1_27' title="bbox 155 3055 2189 3168; baseline 0.009 -40"><span class='ocrx_word' id='word_1_360' title='bbox 155 3059 303 3150; x_wconf 86' lang='lat' dir='ltr'>negocio</span> <span class='ocrx_word' id='word_1_361' title='bbox 319 3073 486 3130; x_wconf 84' lang='lat' dir='ltr'>censeret.</span> <span class='ocrx_word' id='word_1_362' title='bbox 508 3129 513 3132; x_wconf 82' lang='grc'><strong>,</strong></span> <span class='ocrx_word' id='word_1_363' title='bbox 536 3057 713 3131; x_wconf 85' lang='lat' dir='ltr'>Dominus</span> <span class='ocrx_word' id='word_1_364' title='bbox 731 3055 934 3161; x_wconf 86' lang='lat' dir='ltr'>Philippus</span> <span class='ocrx_word' id='word_1_365' title='bbox 951 3061 1145 3154; x_wconf 87' lang='lat' dir='ltr'>respondit,</span> <span class='ocrx_word' id='word_1_366' title='bbox 1198 3071 1251 3130; x_wconf 90' lang='lat' dir='ltr'>est</span> <span class='ocrx_word' id='word_1_367' title='bbox 1272 3080 1355 3126; x_wconf 90' lang='lat' dir='ltr'>sane</span> <span class='ocrx_word' id='word_1_368' title='bbox 1379 3081 1533 3151; x_wconf 90' lang='lat' dir='ltr'>proquo</span> <span class='ocrx_word' id='word_1_369' title='bbox 1556 3083 1680 3132; x_wconf 87' lang='lat' dir='ltr'>omnes</span> <span class='ocrx_word' id='word_1_370' title='bbox 1703 3063 1754 3156; x_wconf 90' lang='lat' dir='ltr'>pii</span> <span class='ocrx_word' id='word_1_371' title='bbox 1778 3083 1902 3157; x_wconf 87' lang='lat' dir='ltr'>orent,</span> <span class='ocrx_word' id='word_1_372' title='bbox 1930 3085 2081 3168; x_wconf 80' lang='lat' dir='ltr'>atquem</span> <span class='ocrx_word' id='word_1_373' title='bbox 2100 3089 2139 3148; x_wconf 92' lang='lat' dir='ltr'>tu</span> <span class='ocrx_word' id='word_1_374' title='bbox 2155 3093 2189 3151; x_wconf 92' lang='lat' dir='ltr'>et</span> 
     </span>
     <span class='ocr_line' id='line_1_28' title="bbox 159 3158 2189 3255; baseline 0.011 -25"><span class='ocrx_word' id='word_1_375' title='bbox 159 3185 228 3230; x_wconf 88' lang='lat' dir='ltr'>esse</span> <span class='ocrx_word' id='word_1_376' title='bbox 242 3161 386 3255; x_wconf 90' lang='lat' dir='ltr'>quidem</span> <span class='ocrx_word' id='word_1_377' title='bbox 403 3159 512 3234; x_wconf 90' lang='lat' dir='ltr'>multa</span> <span class='ocrx_word' id='word_1_378' title='bbox 527 3163 671 3234; x_wconf 89' lang='lat' dir='ltr'>dissidia</span> <span class='ocrx_word' id='word_1_379' title='bbox 690 3165 728 3234; x_wconf 90' lang='lat' dir='ltr'>in</span> <span class='ocrx_word' id='word_1_380' title='bbox 744 3161 922 3251; x_wconf 86' lang='lat' dir='ltr'>Ecclesia,</span> <span class='ocrx_word' id='word_1_381' title='bbox 947 3169 1006 3236; x_wconf 78' lang='lat' dir='ltr'>secl</span> <span class='ocrx_word' id='word_1_382' title='bbox 1028 3180 1145 3234; x_wconf 87' lang='lat' dir='ltr'>tamen</span> <span class='ocrx_word' id='word_1_383' title='bbox 1198 3162 1250 3234; x_wconf 88' lang='lat' dir='ltr'>tui</span> <span class='ocrx_word' id='word_1_384' title='bbox 1268 3158 1400 3230; x_wconf 88' lang='lat' dir='ltr'>similes</span> <span class='ocrx_word' id='word_1_385' title='bbox 1417 3159 1529 3230; x_wconf 87' lang='lat' dir='ltr'>literis</span> <span class='ocrx_word' id='word_1_386' title='bbox 1546 3164 1669 3234; x_wconf 84' lang='lat' dir='ltr'>restris</span> <span class='ocrx_word' id='word_1_387' title='bbox 1684 3179 1719 3237; x_wconf 88' lang='lat' dir='ltr'>et</span> <span class='ocrx_word' id='word_1_388' title='bbox 1733 3161 2045 3248; x_wconf 82' lang='lat' dir='ltr'>adhortationibus</span> <span class='ocrx_word' id='word_1_389' title='bbox 2059 3181 2189 3250; x_wconf 87' lang='lat' dir='ltr'>confir-</span> 
     </span>
     <span class='ocr_line' id='line_1_29' title="bbox 166 3261 2189 3369; baseline 0.013 -41"><span class='ocrx_word' id='word_1_390' title='bbox 166 3263 291 3358; x_wconf 87' lang='lat' dir='ltr'>reliqua</span> <span class='ocrx_word' id='word_1_391' title='bbox 314 3263 417 3334; x_wconf 87' lang='lat' dir='ltr'>lacilc</span> <span class='ocrx_word' id='word_1_392' title='bbox 440 3287 541 3356; x_wconf 89' lang='lat' dir='ltr'>posse</span> <span class='ocrx_word' id='word_1_393' title='bbox 559 3267 636 3336; x_wconf 90' lang='lat' dir='ltr'>tulli</span> <span class='ocrx_word' id='word_1_394' title='bbox 658 3268 797 3338; x_wconf 89' lang='lat' dir='ltr'>sublato</span> <span class='ocrx_word' id='word_1_395' title='bbox 816 3269 878 3340; x_wconf 89' lang='lat' dir='ltr'>illo</span> <span class='ocrx_word' id='word_1_396' title='bbox 894 3270 939 3338; x_wconf 94' lang='lat' dir='ltr'>de</span> <span class='ocrx_word' id='word_1_397' title='bbox 954 3291 1063 3338; x_wconf 86' lang='lat' dir='ltr'>coena</span> <span class='ocrx_word' id='word_1_398' title='bbox 1079 3269 1144 3336; x_wconf 90' lang='lat' dir='ltr'>do·</span> <span class='ocrx_word' id='word_1_399' title='bbox 1197 3265 1314 3335; x_wconf 89' lang='lat' dir='ltr'>ruetis.</span> <span class='ocrx_word' id='word_1_400' title='bbox 1364 3261 1406 3334; x_wconf 89' lang='lat' dir='ltr'>Si</span> <span class='ocrx_word' id='word_1_401' title='bbox 1428 3263 1471 3332; x_wconf 87' lang='lat' dir='ltr'>ad</span> <span class='ocrx_word' id='word_1_402' title='bbox 1495 3287 1578 3334; x_wconf 90' lang='lat' dir='ltr'>eum</span> <span class='ocrx_word' id='word_1_403' title='bbox 1599 3265 1700 3360; x_wconf 89' lang='lat' dir='ltr'>rupis</span> <span class='ocrx_word' id='word_1_404' title='bbox 1721 3272 1894 3365; x_wconf 87' lang='lat' dir='ltr'>scribere,</span> <span class='ocrx_word' id='word_1_405' title='bbox 1919 3279 2053 3369; x_wconf 90' lang='lat' dir='ltr'>poteris</span> <span class='ocrx_word' id='word_1_406' title='bbox 2070 3281 2189 3354; x_wconf 88' lang='lat' dir='ltr'>literas</span> 
     </span>
     <span class='ocr_line' id='line_1_30' title="bbox 159 3361 2189 3476; baseline 0.012 -46"><span class='ocrx_word' id='word_1_407' title='bbox 159 3363 263 3452; x_wconf 87' lang='lat' dir='ltr'>mini,</span> <span class='ocrx_word' id='word_1_408' title='bbox 289 3366 327 3434; x_wconf 93' lang='lat' dir='ltr'>in</span> <span class='ocrx_word' id='word_1_409' title='bbox 349 3389 420 3458; x_wconf 91' lang='lat' dir='ltr'>quo</span> <span class='ocrx_word' id='word_1_410' title='bbox 442 3389 516 3434; x_wconf 91' lang='lat' dir='ltr'>non</span> <span class='ocrx_word' id='word_1_411' title='bbox 540 3369 724 3461; x_wconf 87' lang='lat' dir='ltr'>quaeritur</span> <span class='ocrx_word' id='word_1_412' title='bbox 742 3371 888 3454; x_wconf 89' lang='lat' dir='ltr'>veritas,</span> <span class='ocrx_word' id='word_1_413' title='bbox 912 3371 972 3440; x_wconf 86' lang='lat' dir='ltr'>sed</span> <span class='ocrx_word' id='word_1_414' title='bbox 991 3383 1145 3440; x_wconf 89' lang='lat' dir='ltr'>certatur</span> <span class='ocrx_word' id='word_1_415' title='bbox 1197 3380 1275 3437; x_wconf 90' lang='lat' dir='ltr'>tuas</span> <span class='ocrx_word' id='word_1_416' title='bbox 1288 3361 1440 3434; x_wconf 85' lang='lat' dir='ltr'>Emdam</span> <span class='ocrx_word' id='word_1_417' title='bbox 1457 3363 1606 3452; x_wconf 88' lang='lat' dir='ltr'>mittere,</span> <span class='ocrx_word' id='word_1_418' title='bbox 1633 3364 1786 3448; x_wconf 87' lang='lat' dir='ltr'>velbuc.</span> <span class='ocrx_word' id='word_1_419' title='bbox 1821 3375 1980 3468; x_wconf 85' lang='lat' dir='ltr'>Singulis</span> <span class='ocrx_word' id='word_1_420' title='bbox 1994 3382 2089 3452; x_wconf 91' lang='lat' dir='ltr'>enim</span> <span class='ocrx_word' id='word_1_421' title='bbox 2106 3409 2189 3476; x_wconf 89' lang='lat' dir='ltr'>pro-</span> 
     </span>
     <span class='ocr_line' id='line_1_31' title="bbox 154 3461 2189 3562; baseline 0.01 -24"><span class='ocrx_word' id='word_1_422' title='bbox 154 3465 248 3538; x_wconf 90' lang='lat' dir='ltr'>odiis</span> <span class='ocrx_word' id='word_1_423' title='bbox 266 3481 300 3538; x_wconf 92' lang='lat' dir='ltr'>et</span> <span class='ocrx_word' id='word_1_424' title='bbox 321 3467 547 3546; x_wconf 78' lang='lat' dir='ltr'>factionibus.</span> <span class='ocrx_word' id='word_1_425' title='bbox 599 3465 732 3561; x_wconf 80' lang='lat' dir='ltr'>Aperte</span> <span class='ocrx_word' id='word_1_426' title='bbox 755 3487 872 3542; x_wconf 86' lang='lat' dir='ltr'>autem</span> <span class='ocrx_word' id='word_1_427' title='bbox 894 3471 1145 3542; x_wconf 77' lang='lat' dir='ltr'>corodemnavit</span> <span class='ocrx_word' id='word_1_428' title='bbox 1195 3469 1386 3562; x_wconf 89' lang='lat' dir='ltr'>pemodum</span> <span class='ocrx_word' id='word_1_429' title='bbox 1403 3465 1530 3537; x_wconf 89' lang='lat' dir='ltr'>diebus</span> <span class='ocrx_word' id='word_1_430' title='bbox 1546 3461 1717 3542; x_wconf 86' lang='lat' dir='ltr'>habemus</span> <span class='ocrx_word' id='word_1_431' title='bbox 1734 3476 1937 3550; x_wconf 86' lang='lat' dir='ltr'>tabellarios</span> <span class='ocrx_word' id='word_1_432' title='bbox 1953 3485 1997 3552; x_wconf 86' lang='lat' dir='ltr'>ad</span> <span class='ocrx_word' id='word_1_433' title='bbox 2013 3480 2189 3558; x_wconf 87' lang='lat' dir='ltr'>Bremam.</span> 
     </span>
     <span class='ocr_line' id='line_1_32' title="bbox 152 3565 2187 3680; baseline 0.007 -42"><span class='ocrx_word' id='word_1_434' title='bbox 152 3569 234 3640; x_wconf 84' lang='lat' dir='ltr'>illas</span> <span class='ocrx_word' id='word_1_435' title='bbox 258 3569 538 3664; x_wconf 82' lang='lat' dir='ltr'>propositiones,</span> <span class='ocrx_word' id='word_1_436' title='bbox 570 3595 660 3664; x_wconf 90' lang='lat' dir='ltr'>quae</span> <span class='ocrx_word' id='word_1_437' title='bbox 689 3573 836 3644; x_wconf 89' lang='lat' dir='ltr'>suntin</span> <span class='ocrx_word' id='word_1_438' title='bbox 866 3573 1145 3646; x_wconf 80' lang='lat' dir='ltr'>confessionibus</span> <span class='ocrx_word' id='word_1_439' title='bbox 1196 3567 1332 3642; x_wconf 82' lang='lat' dir='ltr'>Crescit</span> <span class='ocrx_word' id='word_1_440' title='bbox 1355 3591 1439 3638; x_wconf 69' lang='lat' dir='ltr'>enne</span> <span class='ocrx_word' id='word_1_441' title='bbox 1465 3569 1503 3638; x_wconf 85' lang='lat' dir='ltr'>itt</span> <span class='ocrx_word' id='word_1_442' title='bbox 1530 3565 1596 3640; x_wconf 74' lang='lat' dir='ltr'>hec</span> <span class='ocrx_word' id='word_1_443' title='bbox 1618 3566 1738 3644; x_wconf 79' lang='lat' dir='ltr'>schola</span> <span class='ocrx_word' id='word_1_444' title='bbox 1764 3601 1933 3652; x_wconf 86' lang='lat' dir='ltr'>numerus</span> <span class='ocrx_word' id='word_1_445' title='bbox 1955 3607 2100 3670; x_wconf 84' lang='lat' dir='ltr'>eorum,</span> <span class='ocrx_word' id='word_1_446' title='bbox 2124 3589 2187 3680; x_wconf 86' lang='lat' dir='ltr'>qui</span> 
     </span>
     <span class='ocr_line' id='line_1_33' title="bbox 151 3665 2183 3774; baseline 0.009 -34"><span class='ocrx_word' id='word_1_447' title='bbox 151 3671 336 3746; x_wconf 80' lang='lat' dir='ltr'>Saxonum</span> <span class='ocrx_word' id='word_1_448' title='bbox 360 3671 465 3742; x_wconf 86' lang='lat' dir='ltr'>editis</span> <span class='ocrx_word' id='word_1_449' title='bbox 486 3695 506 3742; x_wconf 88' lang='lat' dir='ltr'>a</span> <span class='ocrx_word' id='word_1_450' title='bbox 527 3665 749 3774; x_wconf 85' lang='lat' dir='ltr'>Vestphcslo:</span> <span class='ocrx_word' id='word_1_451' title='bbox 783 3698 911 3768; x_wconf 87' lang='lat' dir='ltr'>corpus</span> <span class='ocrx_word' id='word_1_452' title='bbox 932 3670 1066 3745; x_wconf 90' lang='lat' dir='ltr'>Christi</span> <span class='ocrx_word' id='word_1_453' title='bbox 1094 3686 1146 3745; x_wconf 89' lang='grc' dir='ltr'>ιιι</span> <span class='ocrx_word' id='word_1_454' title='bbox 1196 3671 1338 3742; x_wconf 85' lang='lat' dir='ltr'>veritati</span> <span class='ocrx_word' id='word_1_455' title='bbox 1354 3671 1493 3752; x_wconf 86' lang='lat' dir='ltr'>lavent,</span> <span class='ocrx_word' id='word_1_456' title='bbox 1517 3684 1552 3742; x_wconf 92' lang='grc' dir='ltr'>ιι</span> <span class='ocrx_word' id='word_1_457' title='bbox 1570 3697 1645 3744; x_wconf 89' lang='lat' dir='ltr'>uon</span> <span class='ocrx_word' id='word_1_458' title='bbox 1667 3699 1793 3767; x_wconf 90' lang='lat' dir='ltr'>parum</span> <span class='ocrx_word' id='word_1_459' title='bbox 1819 3683 1953 3772; x_wconf 88' lang='lat' dir='ltr'>proluit</span> <span class='ocrx_word' id='word_1_460' title='bbox 1973 3707 2098 3758; x_wconf 86' lang='lat' dir='ltr'>causae</span> <span class='ocrx_word' id='word_1_461' title='bbox 2121 3687 2183 3758; x_wconf 91' lang='lat' dir='ltr'>im·</span> 
     </span>
     <span class='ocr_line' id='line_1_34' title="bbox 150 3769 2186 3884; baseline 0.008 -39"><span class='ocrx_word' id='word_1_462' title='bbox 150 3773 318 3870; x_wconf 75' lang='lat' dir='ltr'>ubique:‚</span> <span class='ocrx_word' id='word_1_463' title='bbox 346 3769 405 3846; x_wconf 89' lang='lat' dir='ltr'>bic</span> <span class='ocrx_word' id='word_1_464' title='bbox 431 3775 533 3866; x_wconf 89' lang='lat' dir='ltr'>panis</span> <span class='ocrx_word' id='word_1_465' title='bbox 559 3789 611 3846; x_wconf 91' lang='grc' dir='ltr'>ιιι</span> <span class='ocrx_word' id='word_1_466' title='bbox 637 3774 819 3850; x_wconf 86' lang='lat' dir='ltr'>essentiale</span> <span class='ocrx_word' id='word_1_467' title='bbox 844 3801 974 3869; x_wconf 89' lang='lat' dir='ltr'>corpus</span> <span class='ocrx_word' id='word_1_468' title='bbox 998 3773 1145 3852; x_wconf 87' lang='lat' dir='ltr'>Christi.</span> <span class='ocrx_word' id='word_1_469' title='bbox 1197 3771 1372 3868; x_wconf 84' lang='lat' dir='ltr'>pedivisse</span> <span class='ocrx_word' id='word_1_470' title='bbox 1393 3774 1709 3847; x_wconf 88' lang='lat' dir='ltr'>condemnationes</span> <span class='ocrx_word' id='word_1_471' title='bbox 1727 3776 1977 3870; x_wconf 88' lang='lat' dir='ltr'>Wormaciae,</span> <span class='ocrx_word' id='word_1_472' title='bbox 1999 3788 2038 3858; x_wconf 89' lang='lat' dir='ltr'>in</span> <span class='ocrx_word' id='word_1_473' title='bbox 2059 3811 2129 3884; x_wconf 92' lang='lat' dir='ltr'>qua</span> <span class='ocrx_word' id='word_1_474' title='bbox 2147 3813 2186 3864; x_wconf 90' lang='lat' dir='ltr'>re</span> 
     </span>
     <span class='ocr_line' id='line_1_35' title="bbox 153 3871 2188 3981; baseline 0.008 -33"><span class='ocrx_word' id='word_1_475' title='bbox 153 3873 246 3948; x_wconf 87' lang='lat' dir='ltr'>ltem</span> <span class='ocrx_word' id='word_1_476' title='bbox 271 3876 375 3962; x_wconf 90' lang='lat' dir='ltr'>dicit,</span> <span class='ocrx_word' id='word_1_477' title='bbox 413 3876 656 3950; x_wconf 89' lang='lat' dir='ltr'>adorationem</span> <span class='ocrx_word' id='word_1_478' title='bbox 682 3881 891 3952; x_wconf 88' lang='lat' dir='ltr'>sacramenti</span> <span class='ocrx_word' id='word_1_479' title='bbox 919 3893 1144 3950; x_wconf 82' lang='lat' dir='ltr'>extraneum</span> <span class='ocrx_word' id='word_1_480' title='bbox 1198 3899 1272 3946; x_wconf 92' lang='lat' dir='ltr'>non</span> <span class='ocrx_word' id='word_1_481' title='bbox 1297 3872 1366 3945; x_wconf 87' lang='lat' dir='ltr'>luit</span> <span class='ocrx_word' id='word_1_482' title='bbox 1395 3873 1483 3943; x_wconf 87' lang='lat' dir='ltr'>levis</span> <span class='ocrx_word' id='word_1_483' title='bbox 1512 3899 1620 3968; x_wconf 88' lang='lat' dir='ltr'>opera</span> <span class='ocrx_word' id='word_1_484' title='bbox 1647 3871 1832 3979; x_wconf 74' lang='lat' dir='ltr'>Casperia</span> <span class='ocrx_word' id='word_1_485' title='bbox 1853 3877 2020 3976; x_wconf 83' lang='lat' dir='ltr'>Peueeri,</span> <span class='ocrx_word' id='word_1_486' title='bbox 2049 3894 2188 3981; x_wconf 86' lang='lat' dir='ltr'>generis</span> 
     </span>
     <span class='ocr_line' id='line_1_36' title="bbox 152 3967 2189 4086; baseline 0.008 -38"><span class='ocrx_word' id='word_1_487' title='bbox 152 3977 358 4050; x_wconf 87' lang='lat' dir='ltr'>institutum</span> <span class='ocrx_word' id='word_1_488' title='bbox 382 3973 578 4066; x_wconf 88' lang='lat' dir='ltr'>aChristo,</span> <span class='ocrx_word' id='word_1_489' title='bbox 603 4007 643 4052; x_wconf 89' lang='lat' dir='ltr'>ac</span> <span class='ocrx_word' id='word_1_490' title='bbox 659 3981 690 4052; x_wconf 93' lang='lat' dir='ltr'>si</span> <span class='ocrx_word' id='word_1_491' title='bbox 710 3983 797 4078; x_wconf 92' lang='lat' dir='ltr'>quid</span> <span class='ocrx_word' id='word_1_492' title='bbox 813 3983 955 4054; x_wconf 90' lang='lat' dir='ltr'>decidat</span> <span class='ocrx_word' id='word_1_493' title='bbox 976 3981 1070 4053; x_wconf 89' lang='lat' dir='ltr'>inter</span> <span class='ocrx_word' id='word_1_494' title='bbox 1085 4005 1145 4054; x_wconf 90' lang='lat' dir='ltr'>su·</span> <span class='ocrx_word' id='word_1_495' title='bbox 1197 3975 1347 4051; x_wconf 88' lang='lat' dir='ltr'>Domini</span> <span class='ocrx_word' id='word_1_496' title='bbox 1372 3967 1555 4074; x_wconf 80' lang='lat' dir='ltr'>Phihppi.</span> <span class='ocrx_word' id='word_1_497' title='bbox 1614 3977 1705 4054; x_wconf 88' lang='lat' dir='ltr'>Nam</span> <span class='ocrx_word' id='word_1_498' title='bbox 1728 3998 1763 4056; x_wconf 90' lang='lat' dir='ltr'>et</span> <span class='ocrx_word' id='word_1_499' title='bbox 1783 4007 1819 4056; x_wconf 92' lang='grc' dir='ltr'>ιι</span> <span class='ocrx_word' id='word_1_500' title='bbox 1839 3991 2007 4083; x_wconf 88' lang='lat' dir='ltr'>opposuit</span> <span class='ocrx_word' id='word_1_501' title='bbox 2025 3997 2189 4086; x_wconf 83' lang='lat' dir='ltr'>quando·</span> 
     </span>
     <span class='ocr_line' id='line_1_37' title="bbox 150 4076 2190 4183; baseline 0.008 -31"><span class='ocrx_word' id='word_1_502' title='bbox 150 4081 345 4166; x_wconf 88' lang='lat' dir='ltr'>mendum,</span> <span class='ocrx_word' id='word_1_503' title='bbox 376 4081 411 4152; x_wconf 94' lang='lat' dir='ltr'>id</span> <span class='ocrx_word' id='word_1_504' title='bbox 442 4076 537 4152; x_wconf 93' lang='lat' dir='ltr'>nihil</span> <span class='ocrx_word' id='word_1_505' title='bbox 557 4083 702 4156; x_wconf 84' lang='lat' dir='ltr'>differre</span> <span class='ocrx_word' id='word_1_506' title='bbox 729 4109 750 4158; x_wconf 88' lang='lat' dir='ltr'>a</span> <span class='ocrx_word' id='word_1_507' title='bbox 777 4083 958 4156; x_wconf 90' lang='lat' dir='ltr'>communi</span> <span class='ocrx_word' id='word_1_508' title='bbox 987 4107 1080 4177; x_wconf 89' lang='lat' dir='ltr'>pane</span> <span class='ocrx_word' id='word_1_509' title='bbox 1110 4097 1147 4156; x_wconf 92' lang='lat' dir='ltr'>et</span> <span class='ocrx_word' id='word_1_510' title='bbox 1198 4103 1338 4174; x_wconf 85' lang='lat' dir='ltr'>cunque</span> <span class='ocrx_word' id='word_1_511' title='bbox 1353 4081 1435 4150; x_wconf 90' lang='lat' dir='ltr'>data</span> <span class='ocrx_word' id='word_1_512' title='bbox 1450 4095 1502 4152; x_wconf 92' lang='lat' dir='ltr'>est</span> <span class='ocrx_word' id='word_1_513' title='bbox 1515 4082 1663 4164; x_wconf 88' lang='lat' dir='ltr'>occasio,</span> <span class='ocrx_word' id='word_1_514' title='bbox 1679 4099 1715 4158; x_wconf 90' lang='lat' dir='ltr'>et</span> <span class='ocrx_word' id='word_1_515' title='bbox 1729 4101 1902 4183; x_wconf 88' lang='lat' dir='ltr'>quantum</span> <span class='ocrx_word' id='word_1_516' title='bbox 1916 4092 2089 4169; x_wconf 85' lang='lat' dir='ltr'>insciuit</span> <span class='ocrx_word' id='word_1_517' title='bbox 2102 4121 2190 4168; x_wconf 90' lang='lat' dir='ltr'>con·</span> 
     </span>
     <span class='ocr_line' id='line_1_38' title="bbox 152 4173 2186 4292; baseline 0.008 -38"><span class='ocrx_word' id='word_1_518' title='bbox 152 4185 253 4258; x_wconf 82' lang='lat' dir='ltr'>vino.</span> <span class='ocrx_word' id='word_1_519' title='bbox 303 4181 365 4256; x_wconf 92' lang='lat' dir='ltr'>lsti</span> <span class='ocrx_word' id='word_1_520' title='bbox 390 4183 505 4272; x_wconf 86' lang='lat' dir='ltr'>enim,</span> <span class='ocrx_word' id='word_1_521' title='bbox 536 4200 577 4258; x_wconf 90' lang='lat' dir='ltr'>ut</span> <span class='ocrx_word' id='word_1_522' title='bbox 600 4209 663 4258; x_wconf 90' lang='lat' dir='ltr'>sua</span> <span class='ocrx_word' id='word_1_523' title='bbox 687 4187 798 4279; x_wconf 87' lang='lat' dir='ltr'>magis</span> <span class='ocrx_word' id='word_1_524' title='bbox 821 4190 915 4282; x_wconf 89' lang='lat' dir='ltr'>apud</span> <span class='ocrx_word' id='word_1_525' title='bbox 941 4186 1145 4278; x_wconf 88' lang='lat' dir='ltr'>imperitum</span> <span class='ocrx_word' id='word_1_526' title='bbox 1197 4182 1352 4254; x_wconf 84' lang='lat' dir='ltr'>firmarit</span> <span class='ocrx_word' id='word_1_527' title='bbox 1377 4177 1483 4254; x_wconf 92' lang='lat' dir='ltr'>Dom.</span> <span class='ocrx_word' id='word_1_528' title='bbox 1505 4173 1745 4282; x_wconf 88' lang='lat' dir='ltr'>Philippum,</span> <span class='ocrx_word' id='word_1_529' title='bbox 1784 4215 1865 4264; x_wconf 88' lang='lat' dir='ltr'>cum</span> <span class='ocrx_word' id='word_1_530' title='bbox 1896 4219 1968 4292; x_wconf 91' lang='lat' dir='ltr'>qno</span> <span class='ocrx_word' id='word_1_531' title='bbox 1994 4196 2124 4269; x_wconf 81' lang='lat' dir='ltr'>licebat</span> <span class='ocrx_word' id='word_1_532' title='bbox 2154 4199 2186 4270; x_wconf 92' lang='lat' dir='ltr'>ei</span> 
     </span>
     <span class='ocr_line' id='line_1_39' title="bbox 152 4281 2188 4392; baseline 0.002 -34"><span class='ocrx_word' id='word_1_533' title='bbox 152 4288 283 4375; x_wconf 80' lang='lat' dir='ltr'>vulgus</span> <span class='ocrx_word' id='word_1_534' title='bbox 305 4285 532 4375; x_wconf 81' lang='lat' dir='ltr'>confirment,</span> <span class='ocrx_word' id='word_1_535' title='bbox 564 4288 595 4360; x_wconf 88' lang='lat' dir='ltr'>si</span> <span class='ocrx_word' id='word_1_536' title='bbox 624 4290 713 4386; x_wconf 90' lang='lat' dir='ltr'>quid</span> <span class='ocrx_word' id='word_1_537' title='bbox 734 4289 892 4377; x_wconf 86' lang='lat' dir='ltr'>decidat,</span> <span class='ocrx_word' id='word_1_538' title='bbox 924 4313 1001 4360; x_wconf 92' lang='lat' dir='ltr'>non</span> <span class='ocrx_word' id='word_1_539' title='bbox 1028 4290 1145 4360; x_wconf 86' lang='lat' dir='ltr'>solum</span> <span class='ocrx_word' id='word_1_540' title='bbox 1198 4307 1300 4376; x_wconf 86' lang='lat' dir='ltr'>agere</span> <span class='ocrx_word' id='word_1_541' title='bbox 1317 4281 1465 4356; x_wconf 87' lang='lat' dir='ltr'>liberius</span> <span class='ocrx_word' id='word_1_542' title='bbox 1481 4308 1587 4378; x_wconf 88' lang='lat' dir='ltr'>quam</span> <span class='ocrx_word' id='word_1_543' title='bbox 1605 4289 1784 4384; x_wconf 88' lang='lat' dir='ltr'>cuiquam.</span> <span class='ocrx_word' id='word_1_544' title='bbox 1833 4291 2008 4392; x_wconf 66' lang='lat' dir='ltr'>Cuperem</span> <span class='ocrx_word' id='word_1_545' title='bbox 2023 4321 2128 4384; x_wconf 78' lang='lat' dir='ltr'>sane,</span> <span class='ocrx_word' id='word_1_546' title='bbox 2152 4314 2188 4373; x_wconf 74' lang='lat' dir='ltr'>te</span> 
     </span>
     <span class='ocr_line' id='line_1_40' title="bbox 153 4387 2188 4490; baseline 0.008 -32"><span class='ocrx_word' id='word_1_547' title='bbox 153 4389 400 4460; x_wconf 80' lang='lat' dir='ltr'>venerabundi</span> <span class='ocrx_word' id='word_1_548' title='bbox 424 4387 513 4458; x_wconf 88' lang='lat' dir='ltr'>illud</span> <span class='ocrx_word' id='word_1_549' title='bbox 541 4391 658 4463; x_wconf 91' lang='lat' dir='ltr'>solent</span> <span class='ocrx_word' id='word_1_550' title='bbox 678 4394 855 4477; x_wconf 86' lang='lat' dir='ltr'>attollere,</span> <span class='ocrx_word' id='word_1_551' title='bbox 877 4394 937 4464; x_wconf 85' lang='lat' dir='ltr'>sed</span> <span class='ocrx_word' id='word_1_552' title='bbox 961 4393 1065 4462; x_wconf 84' lang='lat' dir='ltr'>etiarn</span> <span class='ocrx_word' id='word_1_553' title='bbox 1087 4415 1147 4462; x_wconf 87' lang='lat' dir='ltr'>ra-</span> <span class='ocrx_word' id='word_1_554' title='bbox 1198 4389 1243 4458; x_wconf 90' lang='lat' dir='ltr'>ad</span> <span class='ocrx_word' id='word_1_555' title='bbox 1268 4409 1349 4456; x_wconf 90' lang='lat' dir='ltr'>eum</span> <span class='ocrx_word' id='word_1_556' title='bbox 1374 4387 1527 4458; x_wconf 87' lang='lat' dir='ltr'>scribere</span> <span class='ocrx_word' id='word_1_557' title='bbox 1549 4401 1583 4461; x_wconf 86' lang='lat' dir='ltr'>ct</span> <span class='ocrx_word' id='word_1_558' title='bbox 1597 4413 1679 4462; x_wconf 90' lang='lat' dir='ltr'>cum</span> <span class='ocrx_word' id='word_1_559' title='bbox 1698 4415 1739 4464; x_wconf 87' lang='lat' dir='ltr'>eo</span> <span class='ocrx_word' id='word_1_560' title='bbox 1760 4397 1950 4469; x_wconf 85' lang='lat' dir='ltr'>amicitiam</span> <span class='ocrx_word' id='word_1_561' title='bbox 1966 4395 2188 4490; x_wconf 86' lang='lat' dir='ltr'>contrahere,</span> 
     </span>
     <span class='ocr_line' id='line_1_41' title="bbox 154 4488 2188 4596; baseline 0.005 -32"><span class='ocrx_word' id='word_1_562' title='bbox 154 4498 249 4564; x_wconf 86' lang='lat' dir='ltr'>dunt</span> <span class='ocrx_word' id='word_1_563' title='bbox 266 4491 381 4562; x_wconf 88' lang='lat' dir='ltr'>solnm</span> <span class='ocrx_word' id='word_1_564' title='bbox 398 4506 457 4562; x_wconf 92' lang='lat' dir='ltr'>aut</span> <span class='ocrx_word' id='word_1_565' title='bbox 480 4516 622 4578; x_wconf 85' lang='lat' dir='ltr'>sarum,</span> <span class='ocrx_word' id='word_1_566' title='bbox 647 4508 709 4566; x_wconf 90' lang='lat' dir='ltr'>ant</span> <span class='ocrx_word' id='word_1_567' title='bbox 723 4495 865 4588; x_wconf 83' lang='lat' dir='ltr'>quidvis</span> <span class='ocrx_word' id='word_1_568' title='bbox 880 4495 976 4566; x_wconf 90' lang='lat' dir='ltr'>aliud</span> <span class='ocrx_word' id='word_1_569' title='bbox 996 4494 1032 4563; x_wconf 92' lang='lat' dir='ltr'>iu</span> <span class='ocrx_word' id='word_1_570' title='bbox 1049 4495 1147 4588; x_wconf 92' lang='lat' dir='ltr'>quod</span> <span class='ocrx_word' id='word_1_571' title='bbox 1199 4513 1291 4584; x_wconf 76' lang='lat' dir='ltr'>quae</span> <span class='ocrx_word' id='word_1_572' title='bbox 1303 4513 1381 4560; x_wconf 77' lang='lat' dir='ltr'>meo</span> <span class='ocrx_word' id='word_1_573' title='bbox 1398 4488 1531 4559; x_wconf 70' lang='lat' dir='ltr'>iuditio</span> <span class='ocrx_word' id='word_1_574' title='bbox 1549 4490 1615 4562; x_wconf 84' lang='lat' dir='ltr'>tibi</span> <span class='ocrx_word' id='word_1_575' title='bbox 1632 4517 1705 4564; x_wconf 86' lang='lat' dir='ltr'>non</span> <span class='ocrx_word' id='word_1_576' title='bbox 1721 4495 1787 4567; x_wconf 85' lang='lat' dir='ltr'>en&#39;t</span> <span class='ocrx_word' id='word_1_577' title='bbox 1804 4497 1962 4586; x_wconf 86' lang='lat' dir='ltr'>inutilis,</span> <span class='ocrx_word' id='word_1_578' title='bbox 1987 4527 2069 4572; x_wconf 88' lang='lat' dir='ltr'>cum</span> <span class='ocrx_word' id='word_1_579' title='bbox 2084 4527 2188 4596; x_wconf 85' lang='lat' dir='ltr'>prae·</span> 
     </span>
     <span class='ocr_line' id='line_1_42' title="bbox 154 4591 2187 4691; baseline 0.005 -25"><span class='ocrx_word' id='word_1_580' title='bbox 154 4593 300 4666; x_wconf 88' lang='lat' dir='ltr'>decidit.</span> <span class='ocrx_word' id='word_1_581' title='bbox 354 4591 392 4664; x_wconf 91' lang='lat' dir='ltr'>ld</span> <span class='ocrx_word' id='word_1_582' title='bbox 408 4616 523 4684; x_wconf 88' lang='lat' dir='ltr'>nuper</span> <span class='ocrx_word' id='word_1_583' title='bbox 539 4591 659 4664; x_wconf 89' lang='lat' dir='ltr'>lslebii</span> <span class='ocrx_word' id='word_1_584' title='bbox 677 4597 762 4668; x_wconf 85' lang='lat' dir='ltr'>lecit</span> <span class='ocrx_word' id='word_1_585' title='bbox 778 4595 989 4680; x_wconf 71' lang='lat' dir='ltr'>bercarius,</span> <span class='ocrx_word' id='word_1_586' title='bbox 1014 4597 1076 4691; x_wconf 94' lang='lat' dir='ltr'>qui</span> <span class='ocrx_word' id='word_1_587' title='bbox 1096 4609 1148 4667; x_wconf 90' lang='lat' dir='ltr'>est</span> <span class='ocrx_word' id='word_1_588' title='bbox 1200 4607 1255 4666; x_wconf 92' lang='grc' dir='ltr'>ιιι</span> <span class='ocrx_word' id='word_1_589' title='bbox 1274 4613 1455 4661; x_wconf 88' lang='lat' dir='ltr'>summum</span> <span class='ocrx_word' id='word_1_590' title='bbox 1478 4591 1660 4682; x_wconf 89' lang='lat' dir='ltr'>ingenium</span> <span class='ocrx_word' id='word_1_591' title='bbox 1682 4609 1718 4669; x_wconf 92' lang='lat' dir='ltr'>et</span> <span class='ocrx_word' id='word_1_592' title='bbox 1747 4595 1920 4687; x_wconf 85' lang='lat' dir='ltr'>insignem</span> <span class='ocrx_word' id='word_1_593' title='bbox 1950 4603 2187 4677; x_wconf 87' lang='lat' dir='ltr'>cruditionem</span> 
     </span>
     <span class='ocr_line' id='line_1_43' title="bbox 153 4693 2189 4789; baseline 0.006 -23"><span class='ocrx_word' id='word_1_594' title='bbox 153 4699 252 4768; x_wconf 88' lang='lat' dir='ltr'>inter</span> <span class='ocrx_word' id='word_1_595' title='bbox 267 4695 473 4788; x_wconf 87' lang='lat' dir='ltr'>praecipuos</span> <span class='ocrx_word' id='word_1_596' title='bbox 489 4693 586 4766; x_wconf 90' lang='lat' dir='ltr'>illius</span> <span class='ocrx_word' id='word_1_597' title='bbox 602 4697 776 4773; x_wconf 83' lang='lat' dir='ltr'>factionis.</span> <span class='ocrx_word' id='word_1_598' title='bbox 826 4696 904 4768; x_wconf 87' lang='lat' dir='ltr'>Hoc</span> <span class='ocrx_word' id='word_1_599' title='bbox 919 4711 1036 4770; x_wconf 86' lang='lat' dir='ltr'>autern</span> <span class='ocrx_word' id='word_1_600' title='bbox 1060 4698 1149 4768; x_wconf 88' lang='lat' dir='ltr'>scri·</span> <span class='ocrx_word' id='word_1_601' title='bbox 1201 4696 1239 4766; x_wconf 94' lang='lat' dir='ltr'>iu</span> <span class='ocrx_word' id='word_1_602' title='bbox 1254 4717 1296 4764; x_wconf 93' lang='grc' dir='ltr'>ιο</span> <span class='ocrx_word' id='word_1_603' title='bbox 1312 4693 1447 4764; x_wconf 89' lang='lat' dir='ltr'>sitnon</span> <span class='ocrx_word' id='word_1_604' title='bbox 1460 4693 1615 4786; x_wconf 83' lang='lat' dir='ltr'>vulgaris</span> <span class='ocrx_word' id='word_1_605' title='bbox 1629 4697 1740 4789; x_wconf 88' lang='lat' dir='ltr'>pietas</span> <span class='ocrx_word' id='word_1_606' title='bbox 1752 4711 1786 4770; x_wconf 92' lang='lat' dir='ltr'>et</span> <span class='ocrx_word' id='word_1_607' title='bbox 1799 4703 1995 4776; x_wconf 88' lang='lat' dir='ltr'>constantia</span> <span class='ocrx_word' id='word_1_608' title='bbox 2011 4705 2050 4776; x_wconf 94' lang='lat' dir='ltr'>in</span> <span class='ocrx_word' id='word_1_609' title='bbox 2066 4709 2189 4778; x_wconf 87' lang='lat' dir='ltr'>delen·</span> 
     </span>
     <span class='ocr_line' id='line_1_44' title="bbox 154 4789 2189 4900; baseline 0.006 -31"><span class='ocrx_word' id='word_1_610' title='bbox 154 4813 257 4892; x_wconf 88' lang='lat' dir='ltr'>ptum</span> <span class='ocrx_word' id='word_1_611' title='bbox 273 4789 444 4896; x_wconf 87' lang='lat' dir='ltr'>Philippi</span> <span class='ocrx_word' id='word_1_612' title='bbox 462 4811 515 4870; x_wconf 86' lang='lat' dir='ltr'>est</span> <span class='ocrx_word' id='word_1_613' title='bbox 536 4799 793 4888; x_wconf 87' lang='lat' dir='ltr'>germanicum,</span> <span class='ocrx_word' id='word_1_614' title='bbox 818 4813 853 4872; x_wconf 87' lang='lat' dir='ltr'>ct</span> <span class='ocrx_word' id='word_1_615' title='bbox 868 4823 932 4892; x_wconf 88' lang='lat' dir='ltr'>per</span> <span class='ocrx_word' id='word_1_616' title='bbox 947 4802 1148 4872; x_wconf 81' lang='lat' dir='ltr'>veredarios</span> <span class='ocrx_word' id='word_1_617' title='bbox 1201 4796 1318 4868; x_wconf 89' lang='lat' dir='ltr'>denda</span> <span class='ocrx_word' id='word_1_618' title='bbox 1333 4794 1491 4870; x_wconf 87' lang='lat' dir='ltr'>veritate.</span> <span class='ocrx_word' id='word_1_619' title='bbox 1540 4793 1715 4870; x_wconf 74' lang='lat' dir='ltr'>Dominum</span> <span class='ocrx_word' id='word_1_620' title='bbox 1730 4791 1931 4900; x_wconf 84' lang='lat' dir='ltr'>Philippus</span> <span class='ocrx_word' id='word_1_621' title='bbox 1945 4807 2061 4894; x_wconf 92' lang='lat' dir='ltr'>annis,</span> <span class='ocrx_word' id='word_1_622' title='bbox 2086 4809 2189 4880; x_wconf 89' lang='lat' dir='ltr'>labo·</span> 
     </span>
     <span class='ocr_line' id='line_1_45' title="bbox 154 4897 2189 4996; baseline 0.005 -22"><span class='ocrx_word' id='word_1_623' title='bbox 154 4913 241 4974; x_wconf 83' lang='lat' dir='ltr'>ante</span> <span class='ocrx_word' id='word_1_624' title='bbox 264 4899 448 4972; x_wconf 88' lang='lat' dir='ltr'>octiduum</span> <span class='ocrx_word' id='word_1_625' title='bbox 470 4899 617 4970; x_wconf 89' lang='lat' dir='ltr'>missum</span> <span class='ocrx_word' id='word_1_626' title='bbox 636 4915 688 4972; x_wconf 87' lang='lat' dir='ltr'>est</span> <span class='ocrx_word' id='word_1_627' title='bbox 702 4903 747 4972; x_wconf 86' lang='lat' dir='ltr'>ad</span> <span class='ocrx_word' id='word_1_628' title='bbox 763 4901 957 4996; x_wconf 81' lang='lat' dir='ltr'>principes,</span> <span class='ocrx_word' id='word_1_629' title='bbox 983 4904 1149 4996; x_wconf 89' lang='lat' dir='ltr'>aquibus</span> <span class='ocrx_word' id='word_1_630' title='bbox 1201 4899 1322 4980; x_wconf 88' lang='lat' dir='ltr'>ribus,</span> <span class='ocrx_word' id='word_1_631' title='bbox 1357 4897 1546 4968; x_wconf 90' lang='lat' dir='ltr'>calumniis</span> <span class='ocrx_word' id='word_1_632' title='bbox 1579 4912 1614 4970; x_wconf 89' lang='lat' dir='ltr'>et</span> <span class='ocrx_word' id='word_1_633' title='bbox 1645 4897 1888 4996; x_wconf 81' lang='lat' dir='ltr'>sycophantiis</span> <span class='ocrx_word' id='word_1_634' title='bbox 1912 4909 2108 4981; x_wconf 87' lang='lat' dir='ltr'>multorurn</span> <span class='ocrx_word' id='word_1_635' title='bbox 2139 4913 2189 4984; x_wconf 87' lang='lat' dir='ltr'>itu</span> 
     </span>
     <span class='ocr_line' id='line_1_46' title="bbox 155 4997 2192 5106; baseline 0.005 -32"><span class='ocrx_word' id='word_1_636' title='bbox 155 5003 287 5098; x_wconf 89' lang='lat' dir='ltr'>siquid</span> <span class='ocrx_word' id='word_1_637' title='bbox 313 5005 566 5088; x_wconf 91' lang='lat' dir='ltr'>constituatur,</span> <span class='ocrx_word' id='word_1_638' title='bbox 591 5005 688 5096; x_wconf 90' lang='lat' dir='ltr'>quod</span> <span class='ocrx_word' id='word_1_639' title='bbox 710 5017 830 5098; x_wconf 90' lang='lat' dir='ltr'>putem</span> <span class='ocrx_word' id='word_1_640' title='bbox 852 5019 910 5076; x_wconf 91' lang='lat' dir='ltr'>toa</span> <span class='ocrx_word' id='word_1_641' title='bbox 928 5005 1151 5076; x_wconf 87' lang='lat' dir='ltr'>interessent</span> <span class='ocrx_word' id='word_1_642' title='bbox 1202 5001 1333 5072; x_wconf 82' lang='lat' dir='ltr'>tractus</span> <span class='ocrx_word' id='word_1_643' title='bbox 1346 5013 1408 5086; x_wconf 90' lang='lat' dir='ltr'>est,</span> <span class='ocrx_word' id='word_1_644' title='bbox 1428 5012 1468 5070; x_wconf 94' lang='lat' dir='ltr'>ut</span> <span class='ocrx_word' id='word_1_645' title='bbox 1483 5023 1524 5070; x_wconf 91' lang='grc' dir='ltr'>ιι</span> <span class='ocrx_word' id='word_1_646' title='bbox 1536 4997 1598 5070; x_wconf 90' lang='lat' dir='ltr'>illa</span> <span class='ocrx_word' id='word_1_647' title='bbox 1610 5017 1775 5076; x_wconf 86' lang='lat' dir='ltr'>consueta</span> <span class='ocrx_word' id='word_1_648' title='bbox 1790 4999 1969 5082; x_wconf 85' lang='lat' dir='ltr'>hilaritate</span> <span class='ocrx_word' id='word_1_649' title='bbox 1981 5005 2073 5082; x_wconf 87' lang='lat' dir='ltr'>nihil</span> <span class='ocrx_word' id='word_1_650' title='bbox 2088 5037 2192 5106; x_wconf 88' lang='lat' dir='ltr'>pror·</span> 
     </span>
     <span class='ocr_line' id='line_1_47' title="bbox 158 5100 2192 5200; baseline 0.005 -24"><span class='ocrx_word' id='word_1_651' title='bbox 158 5105 264 5188; x_wconf 89' lang='lat' dir='ltr'>scias,</span> <span class='ocrx_word' id='word_1_652' title='bbox 289 5127 353 5193; x_wconf 79' lang='lat' dir='ltr'>ego</span> <span class='ocrx_word' id='word_1_653' title='bbox 367 5105 404 5174; x_wconf 88' lang='lat' dir='ltr'>id</span> <span class='ocrx_word' id='word_1_654' title='bbox 420 5129 526 5200; x_wconf 91' lang='lat' dir='ltr'>quarn</span> <span class='ocrx_word' id='word_1_655' title='bbox 545 5105 699 5198; x_wconf 88' lang='lat' dir='ltr'>primum</span> <span class='ocrx_word' id='word_1_656' title='bbox 714 5120 835 5200; x_wconf 89' lang='lat' dir='ltr'>potero</span> <span class='ocrx_word' id='word_1_657' title='bbox 853 5106 916 5178; x_wconf 92' lang='lat' dir='ltr'>tibi</span> <span class='ocrx_word' id='word_1_658' title='bbox 932 5105 1151 5196; x_wconf 81' lang='lat' dir='ltr'>significabo.</span> <span class='ocrx_word' id='word_1_659' title='bbox 1204 5123 1264 5174; x_wconf 88' lang='lat' dir='ltr'>sus</span> <span class='ocrx_word' id='word_1_660' title='bbox 1280 5103 1319 5174; x_wconf 91' lang='lat' dir='ltr'>in</span> <span class='ocrx_word' id='word_1_661' title='bbox 1342 5125 1385 5172; x_wconf 90' lang='lat' dir='ltr'>eo</span> <span class='ocrx_word' id='word_1_662' title='bbox 1407 5100 1453 5172; x_wconf 91' lang='lat' dir='ltr'>sit</span> <span class='ocrx_word' id='word_1_663' title='bbox 1474 5101 1665 5194; x_wconf 87' lang='lat' dir='ltr'>reliquum.</span> <span class='ocrx_word' id='word_1_664' title='bbox 1714 5103 1817 5178; x_wconf 82' lang='lat' dir='ltr'>Adeo</span> <span class='ocrx_word' id='word_1_665' title='bbox 1838 5125 1955 5184; x_wconf 85' lang='lat' dir='ltr'>autern</span> <span class='ocrx_word' id='word_1_666' title='bbox 1970 5115 2070 5184; x_wconf 91' lang='lat' dir='ltr'>tenui</span> <span class='ocrx_word' id='word_1_667' title='bbox 2085 5129 2120 5188; x_wconf 88' lang='lat' dir='ltr'>et</span> <span class='ocrx_word' id='word_1_668' title='bbox 2133 5117 2192 5186; x_wconf 91' lang='lat' dir='ltr'>in·</span> 
     </span>
     <span class='ocr_line' id='line_1_48' title="bbox 156 5201 2195 5302; baseline 0.006 -26"><span class='ocrx_word' id='word_1_669' title='bbox 156 5203 274 5276; x_wconf 88' lang='lat' dir='ltr'>Credo</span> <span class='ocrx_word' id='word_1_670' title='bbox 305 5207 371 5278; x_wconf 88' lang='lat' dir='ltr'>tibi</span> <span class='ocrx_word' id='word_1_671' title='bbox 398 5219 522 5278; x_wconf 88' lang='lat' dir='ltr'>uotum</span> <span class='ocrx_word' id='word_1_672' title='bbox 552 5231 627 5280; x_wconf 86' lang='lat' dir='ltr'>esse</span> <span class='ocrx_word' id='word_1_673' title='bbox 658 5233 789 5280; x_wconf 91' lang='lat' dir='ltr'>nomen</span> <span class='ocrx_word' id='word_1_674' title='bbox 819 5207 985 5280; x_wconf 88' lang='lat' dir='ltr'>Doctoris</span> <span class='ocrx_word' id='word_1_675' title='bbox 1010 5203 1155 5276; x_wconf 78' lang='lat' dir='ltr'>Altera·</span> <span class='ocrx_word' id='word_1_676' title='bbox 1204 5218 1297 5275; x_wconf 85' lang='lat' dir='ltr'>certa</span> <span class='ocrx_word' id='word_1_677' title='bbox 1319 5201 1523 5272; x_wconf 86' lang='lat' dir='ltr'>valetudine</span> <span class='ocrx_word' id='word_1_678' title='bbox 1540 5215 1612 5289; x_wconf 88' lang='lat' dir='ltr'>est,</span> <span class='ocrx_word' id='word_1_679' title='bbox 1636 5227 1678 5276; x_wconf 90' lang='grc' dir='ltr'>ιι</span> <span class='ocrx_word' id='word_1_680' title='bbox 1694 5231 1765 5302; x_wconf 92' lang='lat' dir='ltr'>qno</span> <span class='ocrx_word' id='word_1_681' title='bbox 1783 5211 1955 5284; x_wconf 89' lang='lat' dir='ltr'>rediimus</span> <span class='ocrx_word' id='word_1_682' title='bbox 1969 5211 2195 5302; x_wconf 85' lang='lat' dir='ltr'>Wormacia,</span> 
     </span>
     <span class='ocr_line' id='line_1_49' title="bbox 159 5301 2193 5402; baseline 0.004 -25"><span class='ocrx_word' id='word_1_683' title='bbox 159 5301 426 5402; x_wconf 78' lang='lat' dir='ltr'>Hardeuberg,</span> <span class='ocrx_word' id='word_1_684' title='bbox 451 5309 512 5402; x_wconf 89' lang='lat' dir='ltr'>qui</span> <span class='ocrx_word' id='word_1_685' title='bbox 537 5307 763 5386; x_wconf 85' lang='lat' dir='ltr'>cstBresuae.</span> <span class='ocrx_word' id='word_1_686' title='bbox 816 5309 848 5380; x_wconf 93' lang='lat' dir='ltr'>ls</span> <span class='ocrx_word' id='word_1_687' title='bbox 869 5313 908 5380; x_wconf 93' lang='lat' dir='ltr'>in</span> <span class='ocrx_word' id='word_1_688' title='bbox 926 5305 1154 5382; x_wconf 84' lang='lat' dir='ltr'>haccontro-</span> <span class='ocrx_word' id='word_1_689' title='bbox 1206 5320 1246 5378; x_wconf 90' lang='lat' dir='ltr'>ut</span> <span class='ocrx_word' id='word_1_690' title='bbox 1263 5306 1322 5374; x_wconf 84' lang='lat' dir='ltr'>vix</span> <span class='ocrx_word' id='word_1_691' title='bbox 1335 5327 1414 5394; x_wconf 86' lang='lat' dir='ltr'>spes</span> <span class='ocrx_word' id='word_1_692' title='bbox 1430 5303 1486 5386; x_wconf 91' lang='lat' dir='ltr'>sit,</span> <span class='ocrx_word' id='word_1_693' title='bbox 1510 5328 1591 5376; x_wconf 87' lang='lat' dir='ltr'>curn</span> <span class='ocrx_word' id='word_1_694' title='bbox 1609 5306 1672 5378; x_wconf 91' lang='lat' dir='ltr'>diu</span> <span class='ocrx_word' id='word_1_695' title='bbox 1688 5311 1965 5402; x_wconf 79' lang='lat' dir='ltr'>superfuturum.</span> <span class='ocrx_word' id='word_1_696' title='bbox 2004 5315 2085 5388; x_wconf 86' lang='lat' dir='ltr'>Nou</span> <span class='ocrx_word' id='word_1_697' title='bbox 2102 5319 2193 5390; x_wconf 87' lang='lat' dir='ltr'>male</span> 
     </span>
     <span class='ocr_line' id='line_1_50' title="bbox 160 5405 2197 5502; baseline 0.005 -24"><span class='ocrx_word' id='word_1_698' title='bbox 160 5411 273 5480; x_wconf 80' lang='lat' dir='ltr'>versia</span> <span class='ocrx_word' id='word_1_699' title='bbox 305 5435 341 5480; x_wconf 89' lang='lat' dir='ltr'>se</span> <span class='ocrx_word' id='word_1_700' title='bbox 363 5411 439 5502; x_wconf 91' lang='lat' dir='ltr'>pie,</span> <span class='ocrx_word' id='word_1_701' title='bbox 471 5411 667 5502; x_wconf 86' lang='lat' dir='ltr'>pnsdenter</span> <span class='ocrx_word' id='word_1_702' title='bbox 693 5427 729 5486; x_wconf 88' lang='grc' dir='ltr'>ιι</span> <span class='ocrx_word' id='word_1_703' title='bbox 754 5427 957 5486; x_wconf 88' lang='lat' dir='ltr'>constanter</span> <span class='ocrx_word' id='word_1_704' title='bbox 983 5407 1155 5484; x_wconf 89' lang='lat' dir='ltr'>hactenus</span> <span class='ocrx_word' id='word_1_705' title='bbox 1190 5409 1358 5488; x_wconf 64' lang='lat' dir='ltr'>laceres,</span> <span class='ocrx_word' id='word_1_706' title='bbox 1383 5405 1412 5474; x_wconf 85' lang='lat' dir='ltr'>si</span> <span class='ocrx_word' id='word_1_707' title='bbox 1428 5429 1510 5474; x_wconf 88' lang='lat' dir='ltr'>eum</span> <span class='ocrx_word' id='word_1_708' title='bbox 1527 5423 1689 5481; x_wconf 88' lang='lat' dir='ltr'>accurate</span> <span class='ocrx_word' id='word_1_709' title='bbox 1704 5413 1939 5488; x_wconf 89' lang='lat' dir='ltr'>consolareris</span> <span class='ocrx_word' id='word_1_710' title='bbox 1953 5432 1988 5489; x_wconf 90' lang='lat' dir='ltr'>et</span> <span class='ocrx_word' id='word_1_711' title='bbox 2001 5419 2114 5490; x_wconf 88' lang='lat' dir='ltr'>literis</span> <span class='ocrx_word' id='word_1_712' title='bbox 2124 5419 2197 5492; x_wconf 92' lang='lat' dir='ltr'>tuis</span> 
     </span>
     <span class='ocr_line' id='line_1_51' title="bbox 162 5503 2196 5614; baseline 0.005 -32"><span class='ocrx_word' id='word_1_713' title='bbox 162 5513 286 5602; x_wconf 87' lang='lat' dir='ltr'>gessit,</span> <span class='ocrx_word' id='word_1_714' title='bbox 313 5535 378 5582; x_wconf 88' lang='lat' dir='ltr'>nec</span> <span class='ocrx_word' id='word_1_715' title='bbox 404 5511 442 5580; x_wconf 91' lang='lat' dir='ltr'>in</span> <span class='ocrx_word' id='word_1_716' title='bbox 466 5513 538 5582; x_wconf 91' lang='lat' dir='ltr'>ulla</span> <span class='ocrx_word' id='word_1_717' title='bbox 562 5537 600 5583; x_wconf 90' lang='lat' dir='ltr'>re</span> <span class='ocrx_word' id='word_1_718' title='bbox 623 5513 726 5590; x_wconf 88' lang='lat' dir='ltr'>cessit</span> <span class='ocrx_word' id='word_1_719' title='bbox 745 5515 974 5603; x_wconf 87' lang='lat' dir='ltr'>adversariis,</span> <span class='ocrx_word' id='word_1_720' title='bbox 994 5511 1157 5612; x_wconf 74' lang='grc' dir='ltr'><strong>οιιιιιίι</strong></span> <span class='ocrx_word' id='word_1_721' title='bbox 1209 5509 1370 5602; x_wconf 83' lang='lat' dir='ltr'>erigeres.</span> <span class='ocrx_word' id='word_1_722' title='bbox 1424 5503 1498 5576; x_wconf 89' lang='lat' dir='ltr'>lam</span> <span class='ocrx_word' id='word_1_723' title='bbox 1523 5507 1619 5578; x_wconf 91' lang='lat' dir='ltr'>enim</span> <span class='ocrx_word' id='word_1_724' title='bbox 1635 5534 1677 5584; x_wconf 88' lang='grc' dir='ltr'>ιι</span> <span class='ocrx_word' id='word_1_725' title='bbox 1699 5513 1797 5586; x_wconf 87' lang='lat' dir='ltr'>nulla</span> <span class='ocrx_word' id='word_1_726' title='bbox 1820 5539 1859 5588; x_wconf 90' lang='lat' dir='ltr'>re</span> <span class='ocrx_word' id='word_1_727' title='bbox 1876 5519 2090 5614; x_wconf 84' lang='lat' dir='ltr'>voluptatem</span> <span class='ocrx_word' id='word_1_728' title='bbox 2105 5515 2196 5592; x_wconf 90' lang='lat' dir='ltr'>mihi</span> 
     </span>
    </p>
   </div>
   <div class='ocr_carea' id='block_1_7' title="bbox 1544 5605 1627 5682">
    <p class='ocr_par' dir='ltr' id='par_1_7' title="bbox 1544 5605 1627 5682">
     <span class='ocr_line' id='line_1_52' title="bbox 1544 5605 1627 5682; baseline 0 0"><span class='ocrx_word' id='word_1_729' title='bbox 1544 5605 1627 5682; x_wconf 84' lang='lat' dir='ltr'>tt·</span> 
     </span>
    </p>
   </div>
   <div class='ocr_carea' id='block_1_8' title="bbox 0 0 2382 6182">
    <p class='ocr_par' dir='ltr' id='par_1_8' title="bbox 0 0 2382 6182">
     <span class='ocr_line' id='line_1_53' title="bbox 0 0 2382 6182; baseline 0 0"><span class='ocrx_word' id='word_1_730' title='bbox 0 0 2382 6182; x_wconf 95' lang='lat' dir='ltr'> </span> 
     </span>
    </p>
   </div>
  </div>
 </body>
</html>
