4754 6184
222 335 303 412 ιιι
488 255 497 272 ’
694 262 702 284 ³
794 245 1223 388 rersronenon
1273 303 1378 390 mn.
1403 305 1507 388 x111.
1562 253 1689 390 assa.
2139 309 2268 387 ιιι

232 500 342 600 igitu'c
361 514 404 574 ut
418 493 517 570 bunc
532 489 693 568 Laelium
710 473 844 585 inclyia
865 484 959 576 Regi
975 477 1225 570 Maximillam
1276 507 1358 558 rom
1373 498 1476 558 coetu
1489 475 1682 573 Lutetiae,
1707 505 1798 580 quae
1811 493 1862 556 est
1874 481 2104 578 praecipuum
2121 469 2279 555 domici-

233 605 472 684 commeudes.
522 595 634 670 Bonis
646 593 733 664 viris
746 591 950 663 benefacere
964 585 1069 658 etiam
1078 582 1225 677 publico
1277 585 1369 660 lium
1391 589 1636 660 doctrinarum
1658 600 1734 658 toto
1757 587 1844 658 orbe
1865 599 2061 674 terrarum,
2094 574 2280 657 Guillsel-

230 709 340 786 statui
362 705 517 802 prodest.
577 697 694 768 Velim
718 709 753 766 te
778 693 885 764 etiam
910 691 950 760 in
974 685 1041 760 hac
1062 710 1102 758 re
1116 688 1228 758 bene-
1279 713 1362 762 mus
1384 683 1631 780 Parisiensis,
1655 682 1850 762 Iohannes
1865 681 2029 772 Gerros,
2061 683 2283 776 Wesselus,

233 810 428 887 volentiam
452 817 547 876 tuam
579 823 661 892 erga
684 821 742 868 me
771 791 856 866 huic
876 787 1015 865 Laelio
1036 789 1226 878 declarare.
1280 807 1316 866 et
1335 793 1410 866 alii.
1457 791 1602 889 anque
1622 796 1754 868 ,hugus
1771 793 1925 864 fatemur
1943 805 1979 864 et
1997 813 2019 864 2
2035 790 2143 862 nobi,
2161 792 2284 864 Μή

204 905 208 918 ’
234 917 331 990 Bene
347 925 380 984 et
394 879 544 980 feliciter
558 903 648 976 vale.
714 899 757 971 ln
771 899 860 970 urbe
875 893 1125 988 vangionum,
1150 885 1228 962 Cal·
1280 909 1316 968 et
1331 895 1432 982 tolli,
1460 909 1504 968 ut
1515 893 1709 968 ostendunt
1725 907 1866 966 nostrae
1879 891 2139 966 confessiones.

233 1015 400 1094 Decemb.
436 1007 535 1097 Anni
555 999 664 1078 1557,
1384 995 1510 1094 ltaque
1524 997 1699 1090 supplices
1712 1019 1852 1084 sumas,
1884 1019 1926 1067 ac
1946 1008 2090 1090 propter
2104 991 2232 1066 Deum
2252 1010 2288 1067 et

1283 1112 1433 1193 propter
1466 1097 1600 1170 Filium
1634 1101 1710 1172 eius
1734 1095 1934 1172 Dominum
1964 1111 2128 1170 nostrum
2158 1093 2287 1170 lesum

247 1221 316 1236 ““
1282 1197 1469 1275 Christum
1484 1224 1628 1274 oramus
1642 1199 1795 1294 Regiam
1816 1201 2026 1292 dignitatern
2040 1213 2225 1286 vestram,
2248 1212 2288 1272 ut

236 1343 292 1418 No
321 1335 436 1413 6413,
1071 1331 1104 1396 1.
1127 1317 1204 1384 Des.
1283 1304 1376 1376 vitae
1409 1303 1556 1377 illorum
1588 1305 1811 1396 captivorum
1844 1305 2036 1374 clementer
2070 1315 2106 1374 et
2132 1315 2288 1395 propter

242 1397 416 1472 ὁ*
1050 1409 1224 1444 ''⁸'‘
1283 1406 1401 1480 Deum
1424 1420 1558 1504 parcat.
1616 1406 1657 1482 Si
1679 1420 1741 1480 aut
1762 1407 1947 1478 seditiosas
1961 1405 2153 1499 opiniones
2170 1399 2288 1476 habe·

520 1533 719 1622 Henpgco
750 1527 807 1616 R·
830 1525 951 1614 Gall,
1284 1523 1398 1684 pent,t
1417 1523 1479 1682 qut
1491 1509 1754 1682 dissentireqqa
1773 1507 1972 1606 Symbolis‚
2005 1521 2066 1580 aut
2081 1507 2289 1679 reciper‘eint

308 1685 955 1840 trattati:,selezistata
968 1677 1135 1828 gerere·
1150 1674 1237 1801 aa
1286 1634 1526 1808 ,ttztitssf
1548 1635 1715 1785 aas
1729 1633 1794 1784 Εἰς
1809 1631 2130 1784 ,tibitibi
2145 1633 2288 1783 53:215}

342 1793 458 1916 :glarola
471 1787 623 1911 segniorum
636 1851 666 1886 ⁸¹
681 1827 770 1884 cattia
786 1829 815 1885 ὖ·
832 1827 860 1883 d·
872 1825 898 1882 ⁸·
915 1823 981 1880 ⁰⁰¹·
1287 1840 1371 1888 cura
1388 1811 1639 1909 prohibemus,
1670 1829 1706 1887 et
1724 1815 1862 1906 magnis
1878 1813 2010 1886 nostris
2025 1814 2202 1918 periculis
2217 1809 2281 1884 boc

630 1961 634 1969 ¹
688 1989 695 2007 ,
729 1949 735 1956 ·
1288 1919 1443 2009 egimus,
1471 1931 1512 1989 ut
1541 1931 1635 1988 recte
1657 1913 1754 1990 Deus
1780 1919 1987 2000 invocetur,
2021 1931 2056 1988 et
2082 1911 2276 1987 retineatur

242 1999 425 2104 EP¹⁰⁸¹⁰I⁰
455 1993 513 2070 “d
541 1992 798 2068 Hfflnwm
826 1979 889 2061 Π·
930 1975 1071 2076 Rem
1104 1969 1236 2097 Em
1288 2015 1490 2094 Catholicae
1510 2014 1688 2090 Ecclesiae
1711 2017 1860 2090 Domini
1891 2019 2015 2090 nostri'
2034 2015 2116 2088 Iesu
2150 2013 2283 2089 Christi
2366 2071 2368 2090 .

244 2110 343 2190 εἶπ’
374 2101 513 2201 mina
546 2091 693 2168 ”mim
728 2083 1024 2208 Ti⁶⁰l⁰3⁰mm’
1062 2103 1127 2180 9⁰⁸
1152 2100 1238 2150 ⁶⁰⁸⁸
1288 2144 1499 2204 consensus,
1532 2143 1717 2214 expressus
1747 2121 1786 2191 in
1819 2121 1960 2215 scriptis
1991 2115 2225 2213 Propheticis
2255 2133 2286 2192 et

380 2207 551 2278 ‘’Mal'‘
573 2190 836 2278 W'm‘m‘t
865 2185 975 2258 ‘4⁶⁰⁰
992 2180 1104 2257 15⁵⁷·
1289 2220 1526 2318 Apostolicis,
1558 2238 1593 2296 et
1615 2223 1655 2293 in
1672 2221 1853 2320 Symbolis
1871 2237 1906 2296 et
1923 2223 2082 2316 probatis
2100 2223 2288 2314 scriptori·

245 2347 296 2440 S.
321 2353 368 2430 D.
429 2350 585 2446 lnclyte,
623 2340 886 2438 potentissime,
921 2344 957 2407 et
985 2321 1238 2426 Christianis·
1289 2327 1357 2398 bus
1374 2324 1502 2397 veteris
1519 2319 1696 2396 Ecclesiae
1709 2325 1877 2419 purioris.
1922 2325 2065 2398 ¹Severe
2081 2324 2196 2395 etiam
2212 2349 2289 2394 mo-

233 2463 336 2537 ‚sime
360 2455 459 2543 Rex,
491 2465 526 2522 ct
553 2447 708 2522 Domine
734 2438 1023 2514 clementissime:
1064 2433 1183 2506 Multa
1204 2447 1240 2507 et
1290 2453 1371 2500 rum
1403 2427 1644 2521 turpitudines
1670 2427 1856 2521 punimus,
1897 2451 1937 2498 ac
1959 2439 2132 2500 testamur
2158 2425 2288 2506 Deum,
2367 2479 2368 2510 ,

243 2587 372 2656 magna
393 2553 564 2631 beneficia
584 2564 620 2622 et
636 2571 717 2620 vere
731 2544 826 2636 regia
845 2541 967 2613 multis
981 2537 1127 2623 seculis,
1158 2559 1239 2606 cum
1290 2553 1358 2602 nos
1378 2555 1453 2601 non
1476 2529 1669 2622 cupiditate
1686 2525 1873 2602 inhonesta
1890 2529 1982 2614 ulla,
2007 2530 2067 2600 sed
2087 2542 2237 2600 tantum
2253 2543 2290 2600 ut

245 2669 337 2742 aliae
358 2675 475 2757 partes
501 2649 679 2750 Europae
699 2651 744 2719 ab
767 2643 909 2741 iuclytis
923 2635 1112 2714 Francius
1128 2635 1240 2729 Regi·
1290 2631 1368 2706 Deo
1384 2633 1683 2722 obtemperemus,
1704 2655 1771 2704 nos
1784 2632 1948 2726 amplecti
1966 2627 2059 2702 hanc
2072 2631 2289 2712 doctrinam,

129 2807 133 2814 ·
230 2776 315 2844 ¹bus
341 2757 571 2856 acceperunt,
602 2770 681 2828 tum
706 2774 790 2822 vero
817 2747 1005 2842 praecipue
1024 2735 1243 2814 Germanici
1291 2745 1380 2832 quae
1398 2735 1492 2806 extat
1512 2734 1552 2802 in
1568 2733 1699 2806 nostris
1714 2736 2015 2820 confessionibus,
2043 2733 2129 2828 quia
2148 2735 2288 2824 agnitae

244 2867 447 2960 Principes,
480 2877 515 2934 et
535 2857 625 2952 grati
643 2851 870 2926 meminimus
884 2843 1007 2920 Patres
1026 2857 1166 2916 nostros
1180 2866 1241 2912 er·
1292 2836 1433 2910 veritati
1458 2835 1638 2907 adversari
1659 2859 1733 2908 non
1757 2837 1850 2910 licet.
1911 2836 2106 2909 Studemus
2130 2835 2285 2927 igituret

246 2973 335 3047 imia
359 2963 590 3041 beneficentia
615 2959 792 3030 maiorum
816 2951 949 3042 Regiae
974 2943 1158 3040 dignitatis
1180 2967 1243 3014 rc-
1293 2941 1387 3012 cives
1401 2962 1475 3010 esse
1491 2962 1593 3008 verae
1609 2935 1677 3010 Dei
1693 2935 1889 3026 Ecclesiae,
1909 2953 1943 3014 et
1957 2939 2211 3028 gubernatoris
2226 2935 2282 3008 bo-
2367 2939 2368 2950 ’

157 3105 168 3131 ’
247 3091 361 3160 strae,
392 3066 615 3159 ctnosipsos
631 3081 753 3132 recens
776 3052 921 3145 achia
938 3053 1109 3143 dignitate
1125 3059 1242 3117 vestra
1292 3043 1403 3124 nesti,
1430 3055 1464 3111 et
1492 3063 1554 3134 spe
1578 3065 1653 3112 non
1679 3041 1787 3112 dubia
1810 3043 1849 3112 in
1875 3037 1941 3122 bac
1966 3041 2196 3112 invocatione
2219 3037 2276 3110 1201·

249 3181 415 3252 defensos
445 3193 535 3256 esse;
574 3175 720 3258 propter
741 3181 832 3255 quae
861 3153 1030 3226 beneficia
1052 3163 1089 3224 et
1113 3151 1242 3220 debere
1293 3157 1516 3237 expectamus
1559 3143 1719 3215 coelestis
1763 3139 1942 3214 Ecclesiae
1981 3143 2275 3216 consuetudinem,

248 3303 315 3354 nos
339 3285 545 3372 perpetuam
568 3263 821 3357 gratitudinem
846 3257 1073 3351 profitemur,
1106 3265 1141 3324 et
1162 3272 1244 3342 gra-
1295 3245 1380 3318 Ideo
1406 3268 1473 3316 nec
1499 3267 1597 3316 nunc
1622 3248 1866 3336 deprecatores
1884 3269 1958 3316 esse
1984 3243 2190 3332 voluimus,
2222 3241 2282 3312 nisi

249 3386 337 3457 tiam
362 3375 499 3466 Regiae
532 3365 698 3458 dignitati
723 3375 859 3434 vestrae
891 3355 1074 3433 habemus.
1138 3351 1244 3425 Nunc
1295 3347 1434 3440 cognita
1455 3347 1675 3419 consessione
1695 3347 1861 3434 illorum,
1892 3347 1955 3443 qui
1975 3345 2082 3418 nobis
2107 3347 2287 3418 calamita·

250 3503 393 3580 quoque
408 3477 489 3548 [reti
500 3467 748 3544 benevolentia
761 3463 895 3554 Regiae
910 3460 1091 3552 dignitatis
1107 3469 1244 3528 vestrae
1295 3463 1368 3525 tem
1380 3449 1603 3541 captivorum
1621 3463 1871 3544 exposuerunt.

251 3611 334 3678 erga
348 3603 424 3666 scos,
447 3597 569 3650 sumus
583 3570 759 3664 supplices
767 3564 901 3656 Regiae
912 3561 1092 3654 dignitatis
1107 3571 1244 3629 vestrae
1397 3565 1658 3661 Comperimus*
1669 3583 1787 3641 ,utem
1808 3570 1953 3641 illorum
1969 3563 2244 3640 confessionem
2259 3577 2291 3636 ,ι

249 3685 424 3784 proauis,
454 3703 529 3750 non
547 3689 586 3747 ut
601 3671 720 3762 Regni
734 3669 823 3741 tanti
842 3666 1000 3737 consiliis
1021 3687 1087 3734 nos
1101 3661 1245 3753 ingera-
1297 3694 1490 3764 congruere
1504 3695 1585 3742 cum
1602 3671 1801 3768 Symbolis‚
1835 3685 1870 3744 et
1883 3671 2036 3744 alienam
2058 3691 2134 3741 esse
2152 3691 2174 3738 a
2192 3667 2291 3738 lana-

250 3812 352 3869 mus,
385 3784 444 3854 ted
469 3780 552 3876 qula
576 3789 611 3848 θῑ
624 3770 868 3852 ωῑδθῑῑθῡῐᾶῑὸ
886 3769 1073 3840 adficimur
1093 3765 1131 3834 5¹¹
1147 3777 1245 3834 ituit
1297 3775 1379 3847 ticis
1391 3787 1426 3872 et
1441 3773 1618 3845 seditiosis
1631 3774 1825 3862 furoribus,
1847 3775 2019 3846 etscimus
2028 3773 2162 3846 multos
2178 3769 2291 3840 excel-

251 3889 450 3964 calomitate
471 3894 669 3952 vestrorum
692 3876 784 3946 sicut
807 3872 978 3964 scriptum
1003 3882 1069 3940 est:
1101 3861 1245 3937 Beatus
1298 3879 1411 3949 lente,
1435 3876 1636 3948 eruditione
1656 3887 1691 3947 ee
1712 3877 1863 3958 virtute,
1904 3888 2061 3947 amante,
2083 3869 2294 3958 Ecclesiam,

253 3991 321 4092 qui
342 3981 520 4078 intelligit
542 4001 652 4078 saper
674 3999 824 4148 egnum
842 3981 873 4044 tt
890 3992 1104 4070 pauperem,
1131 3966 1171 4039 ¹⁹1³
1188 3961 1247 4038 dit
1299 3980 1448 4052 scientes
1474 3978 1638 4050 ordinem
1664 3978 1703 4048 in
1730 3977 1894 4072 Imperiis
1917 3975 1988 4050 Dei
2013 3998 2104 4070 opus
2130 3995 2225 4060 esse,
2262 3987 2294 4044 et

253 4087 361 4165 mala
390 4081 563 4158 liberabit
586 4103 666 4151 eum
738 4080 900 4150 omt'nust
936 4087 972 4144 et
994 4073 1089 4143 inter
1116 4069 1247 4161 Regin
1299 4083 1518 4153 illustrantes
1533 4101 1653 4151 veram
1671 4081 1872 4170 doctrinam
1897 4081 1942 4152 de
1957 4079 2130 4172 dignitate
2150 4075 2293 4148 Politici

256 4198 407 4266 virtutes
422 4199 555 4258 vestras
570 4182 787 4265 bonitatem,
814 4176 1057 4261 clementiam,
1086 4185 1121 4243 et
1142 4173 1249 4244 mise·
1301 4183 1459 4268 ordinis,
1491 4194 1525 4253 et
1550 4203 1679 4275 magna
1704 4207 1788 4256 cum
1814 4195 1952 4255 meme,
1973 4203 2102 4252 neg-,02
2123 4174 2295 4250 homme
2366 4265 2367 4268 Ἴ

255 4293 449 4371 ricordiam
465 4309 545 4381 erga
559 4279 724 4355 homines
737 4281 933 4360 modestos,
960 4300 1035 4348 non
1049 4274 1249 4362 seditiosos,
1302 4282 1586 4377 gubernationis,
1637 4285 1681 4355 de
1727 4309 1766 4357 eg
1807 4283 2039 4357 consessione
2080 4281 2297 4356 consentire,
2366 4319 2367 4332 ι

254 4425 331 4472 uon
361 4393 562 4491 petulanter
586 4385 833 4480 delinquentes
864 4381 1021 4452 eminere
1043 4401 1117 4450 non
1143 4377 1250 4450 dubi·
1303 4386 1424 4477 Quare
1445 4397 1481 4458 et
1501 4386 1658 4479 captivos
1680 4387 1921 4459 existimamus
1944 4411 1964 4459 a
1985 4383 2164 4457 seditiosis
2179 4383 2297 4452 consi-
2366 4385 2367 4390 ’

255 4519 384 4574 tamus.
1193 4503 1195 4508 '
1302 4489 1362 4560 liis
1386 4501 1421 4560 et
1446 4511 1467 4558 a
1492 4487 1653 4559 fanaticis
1678 4489 1911 4583 opinionibus
1936 4490 2071 4560 alienos
2096 4507 2182 4557 esse.
2244 4481 2299 4555 Ac

357 4595 594 4686 intelligimus
619 4589 755 4683 aliquot
770 4586 909 4656 nobiles
931 4596 1110 4654 matronas
1126 4596 1161 4654 et
1176 4582 1251 4652 vir·
1303 4590 1477 4662 mittimus
1497 4591 1697 4684 exemplum
1716 4589 1958 4664 confessioni,
1965 4646 1976 4680 ,
2007 4611 2099 4686 quae
2119 4586 2298 4658 inomni.

256 4705 376 4796 gines,
402 4713 438 4770 ct
459 4699 548 4768 aiios
562 4694 745 4764 modestos
761 4683 923 4759 homines
939 4687 979 4756 in
1000 4683 1153 4757 vinculis
1168 4707 1252 4774 esse,
1304 4695 1371 4764 bus
1385 4691 1544 4764 articulis
1559 4713 1640 4762 cum
1654 4707 1774 4767 nostra
1789 4695 1963 4786 congruit
2014 4690 2145 4765 lnuno
2159 4687 2299 4784 aliquid

256 4817 464 4900 propterea,
486 4797 593 4894 quod
618 4794 807 4866 conciones
833 4811 896 4860 seu
921 4789 1156 4870 audiverunt,
1189 4813 1251 4860 seu
1304 4809 1358 4867 est
1391 4793 1636 4877 obscuritatis,
1672 4796 1717 4866 de
1743 4821 1815 4892 quo
1841 4793 2044 4868 conciliatio
2077 4792 2154 4864 fieri
2182 4801 2301 4884 posset

256 4909 430 5003 probant,
457 4903 496 4970 in
512 4899 642 4993 quibus
657 4907 823 4968 taxantur
841 4893 1015 4986 quaedam
1030 4891 1253 4982 superstitio·
1305 4897 1527 4970 eruditorum
1550 4897 1751 4973 collatione.
1817 4896 1940 4996 Neque
1973 4897 2069 4968 enim
2093 4894 2303 4966 dubitamus

257 5033 339 5094 nes,
365 5029 456 5101 quae
474 5005 693 5094 irrepserunt
708 4999 746 5066 iu
762 4993 978 5078 Ecclesiam,
1003 5005 1039 5064 θῑ
1055 4994 1252 5065 cumulatae
1305 5013 1380 5073 toto
1397 4998 1485 5069 orbe
1500 5011 1675 5094 terrarum
1694 5024 1816 5072 omncs
1831 5003 1993 5072 timentes
2006 4997 2122 5072 Deum
2141 4993 2303 5066 adsiduis

257 5125 342 5196 sunt
363 5121 507 5202 propter
524 5103 700 5173 inscitiam
720 5114 754 5170 et
777 5096 962 5170 avaritiam
978 5088 1254 5171 Monachorum.
1305 5101 1498 5193 gemitibus
1517 5112 1635 5193 petere
1661 5101 1781 5176 rDea
1797 5099 2037 5175 Ecclesiamm
2059 5095 2302 5180 concordiam,
2365 5155 2366 5188 ,

258 5213 381 5306 Neque
405 5209 501 5280 enim
526 5204 645 5294 negari
667 5213 801 5296 potest,
834 5199 1132 5283 multosabusus‚
1166 5199 1255 5269 alios
1307 5217 1342 5276 et
1356 5201 1474 5276 Deum
1490 5225 1610 5290 orare,
1634 5217 1676 5276 ut
1695 5205 1812 5276 flectat
1825 5228 2046 5276 summorum
2058 5201 2200 5292 Regum
2223 5195 2302 5268 ani-

260 5335 418 5398 errores,
451 5311 539 5382 alios
565 5319 730 5400 quaestus
754 5323 857 5372 causa
872 5314 1031 5392 receptos
1047 5321 1139 5384 esse,
1164 5325 1256 5395 quo·
1308 5327 1397 5386 mos,
1419 5319 1459 5378 ut
1470 5317 1564 5376 recte
1575 5305 1765 5378 diiudicari
1778 5306 2035 5379 controversias
2048 5315 2185 5382 curent,
2206 5320 2301 5369 mm-

261 5442 342 5490 rum
365 5413 648 5486 emendationem
670 5406 776 5476 etiam
794 5403 1037 5496 superioribus
1054 5401 1180 5472 seculis
1192 5403 1258 5472 fla·
1309 5429 1380 5500 que
1401 5407 1650 5498 cogitationem
1672 5421 1754 5480 ante
1767 5431 1882 5480 annos
1895 5407 2022 5502 viginti
2036 5404 2214 5497 suscipere
2239 5422 2299 5492 pa·
2365 5459 2366 5470 ,

263 5523 422 5612 gitarunt
441 5514 537 5589 docti
556 5525 591 5585 et
613 5507 787 5608 boniuvici
805 5507 843 5576 iu
861 5507 924 5577 illo
943 5506 1018 5600 ipso
1036 5503 1259 5577 doctissimo·
1311 5523 1401 5582 trem
1435 5507 1568 5601 Regiae
1597 5509 1779 5604 dignitatis
1805 5525 1957 5600 vestrae,
2001 5507 2137 5600 Regem
2170 5496 2297 5578 Fran-
2365 5511 2366 5594 ζ
