4748 6180
212 315 262 391 cr
729 299 1205 431 ‚aursnonaaum
1251 301 1363 382 ma.
1412 302 1516 384 xtra.
1571 299 1706 385 saar.
2196 305 2248 383 ts
2343 279 2349 292 '

207 505 353 568 mnsam.
397 486 439 546 lbi
456 478 644 562 Vignadass
664 497 756 559 panea
776 479 920 540 communi
941 479 1069 538 omniurn
1084 479 1200 540 nomine
1253 479 1290 539 tis
1316 477 1354 539 ad
1377 473 1577 559 Philippum
1604 481 1696 540 literis
1723 479 1802 540 nltro
1823 493 1856 540 se
1874 477 2029 556 obtulisse,
2065 475 2189 558 quodsi
2210 479 2249 540 de

209 573 358 653 praefatus
380 582 426 630 est
447 573 477 628 in
498 571 574 630 hanc
595 566 779 627 sententiam.
1254 565 1424 643 quibusdmn
1451 567 1584 625 conviciis
1612 567 1692 624 clare
1720 564 1824 624 fuisset
1851 565 2013 640 convictus,
2046 579 2112 623 sese
2133 564 2250 641 publica

293 659 411 734 Fratres
438 656 469 712 in
495 655 550 713 hoc
578 655 641 712 loco
668 660 859 728 congregatos
886 645 1090 708 mediatoribus
1111 663 1202 724 agere
1254 651 1359 727 scripto
1387 661 1588 714 revocaturum
1616 668 1698 725 esse,
1732 647 1810 730 quod
1831 644 2017 727 Patttppes
2043 667 2102 706 non
2124 649 2249 710 deberet

211 744 316 823 gratias
344 757 485 816 summas,
523 739 600 817 qnod
629 747 709 795 tanta
730 733 933 794 benevolentia
954 729 1064 809 dignati
1086 733 1144 790 sint
1164 731 1203 791 ad
1253 734 1371 810 facere,
1406 735 1459 794 sed
1486 737 1554 816 quia
1577 729 1761 816 Philippus
1788 735 1900 793 nnllam
1928 731 2156 812 padlieationem
2177 746 2249 794 ants

211 849 262 889 eras
290 826 447 898 amedera3
483 823 593 883 deinde
622 837 726 898 rogare
753 829 903 892 amanter,
936 833 1061 876 nesam
1082 835 1202 892 moram,
1253 819 1329 878 hanc
1355 820 1499 880 actionem
1527 821 1664 880 voluisset
1691 820 1845 898 amplecti,
1880 835 1946 878 sese
1971 819 2030 878 iarn
2050 837 2167 897 qnoque
2188 837 2248 878 non

212 931 299 992 qnam
326 911 415 970 oeacti
437 917 535 968 essem
554 907 670 981 facere,
704 921 794 983 aegre
815 904 938 962 ferrent.
981 901 1104 961 Causam
1125 903 1204 959 enim
1254 903 1378 984 amplius
1397 904 1452 964 hoc
1473 906 1678 985 promissurum
1699 921 1773 965 esse.
1815 897 2022 980 Secundum,
2048 904 2079 961 in
2100 904 2188 962 sacris
2208 905 2246 964 li·

210 1015 278 1059 asse
307 1013 426 1074 gavera
453 1003 485 1052 et
505 991 643 1065 arduam,
677 1008 753 1068 quae
774 999 906 1048 marrata
926 986 1136 1046 deliberatione
1156 987 1204 1044 in-
1255 991 1325 1047 teris
1345 990 1485 1048 sancitum
1506 1007 1587 1068 esse,
1612 991 1760 1050 nennnem
1779 988 1980 1068 recipiendum
2001 1005 2067 1046 esse
2087 989 2246 1065 nisiagen-

212 1085 328 1162 digeat,
348 1080 379 1138 id
400 1077 479 1157 qnod
500 1077 588 1136 etiam
609 1074 663 1152 ipsi
684 1095 738 1154 pro
758 1071 869 1133 sumina
888 1073 998 1149 pietate
1020 1080 1052 1130 et
1072 1071 1204 1148 pruden-
1255 1083 1316 1132 tem
1343 1075 1568 1152 poenitentiam
1602 1093 1667 1134 sese
1695 1093 1761 1134 cum
1788 1075 1847 1132 suis
1867 1073 2083 1152 adiaphoristas
2102 1073 2248 1150 recipere,

213 1170 255 1228 tia
273 1163 353 1225 hand
374 1165 461 1224 dabie
482 1169 684 1240 agnoscerent.
726 1159 813 1228 Quod
833 1157 871 1216 ad
890 1157 983 1234 ipsam
1002 1173 1119 1214 caumm
1136 1157 1205 1214 atti-
1255 1175 1311 1218 nec
1331 1160 1485 1236 requirere
1506 1177 1605 1218 veram
1622 1161 1852 1232 conversionem
1875 1169 2026 1216 contentos
2042 1173 2122 1234 esse,
2142 1159 2247 1216 dran-

213 1261 317 1326 neret,
358 1250 466 1328 scripta
493 1245 547 1306 sibi
572 1245 730 1320 Vrteherga
758 1243 847 1302 allata
873 1251 905 1300 et
932 1241 1074 1315 exhibita,
1114 1257 1147 1300 se
1174 1241 1204 1298 to
1256 1255 1318 1304 tum
1344 1245 1460 1322 publice
1488 1244 1660 1304 damnarent
1688 1261 1813 1304 errores.
1864 1236 2020 1302 Tertium
2042 1259 2122 1316 esse,
2157 1243 2247 1320 quod,

214 1339 319 1398 umore
340 1333 465 1406 domini,
494 1341 634 1408 quantum
656 1327 773 1406 quidem
793 1328 874 1386 Deus
895 1335 973 1384 esset
994 1325 1132 1402 largitus,
1159 1323 1205 1383 le-
1255 1329 1310 1388 etsi
1331 1329 1496 1408 requiretur
1517 1329 1661 1388 revocatio
1682 1329 1817 1390 mandmo
1839 1327 1952 1402 dirino,
1972 1329 2053 1386 iuxta
2069 1325 2144 1386 illud
2158 1345 2247 1404 prae.

215 1424 292 1502 gissa
318 1429 349 1478 et
371 1415 563 1496 expendisse,
591 1413 793 1472 cohorrescere
814 1421 914 1469 aetem
935 1428 974 1469 ex
995 1418 1055 1468 toto
1076 1421 1205 1486 pectore,
1255 1423 1373 1491 ceptum
1394 1413 1433 1472 de
1453 1431 1512 1472 non
1533 1414 1629 1474 dando
1650 1413 1756 1473 falsum
1778 1412 1970 1472 testimonium
1992 1423 2023 1470 et
2043 1411 2082 1472 de
2101 1412 2249 1487 scmrdalo,

215 1515 329 1565 tanturn
356 1505 388 1560 in
414 1499 586 1560 adversariis
606 1513 671 1556 esse
692 1497 845 1572 duritiem,
879 1506 913 1553 ut
935 1493 1112 1572 nequidem
1135 1511 1206 1572 pec·
1256 1509 1354 1556 tamen
1382 1499 1438 1555 iarn
1467 1497 1543 1558 ilhrd
1571 1515 1687 1576 quoque
1714 1496 1820 1578 esse⁸)
1847 1497 2023 1574 neglectum.
2082 1495 2248 1572 Superesse

214 1601 312 1649 samm
334 1601 491 1665 agnoscere
512 1583 620 1656 velint,
648 1599 714 1640 curn
735 1581 852 1658 quidem
874 1581 904 1639 in
925 1580 987 1638 aliis
1008 1579 1125 1656 privatis
1140 1579 1205 1656 epi·
1256 1582 1351 1642 adhuc
1371 1579 1455 1656 dua,
1476 1601 1551 1660 quae
1572 1594 1606 1641 ut
1626 1583 1757 1642 similiter
1778 1582 1953 1660 eripiantur,
1974 1581 2056 1640 nullo
2077 1580 2163 1639 modo
2186 1585 2246 1659 pah'

216 1676 297 1734 stolis
317 1674 355 1732 ad
378 1666 574 1748 Illyricum,
604 1677 674 1725 ante
694 1665 769 1724 hanc
789 1665 931 1724 mannam
954 1664 1081 1741 scriptis,
1110 1663 1207 1742 aliqua
1256 1685 1289 1728 se
1314 1675 1412 1746 posse.
1465 1667 1594 1726 Primum
1624 1686 1704 1744 esse,
1739 1669 1802 1726 sine
1824 1667 2007 1725 revocatione
2028 1665 2143 1724 ceritati
2164 1667 2249 1725 testi·

216 1768 335 1840 peccata
355 1757 408 1815 visi
430 1754 541 1813 fuerint
562 1761 666 1828 sponte
685 1748 784 1808 fateri.
832 1751 906 1810 Cum
927 1749 1013 1826 igitur
1035 1757 1114 1807 tanta
1135 1765 1206 1826 per·
1258 1753 1384 1810 monium
1405 1751 1533 1812 dandum
1555 1769 1619 1812 esse
1640 1753 1784 1811 communi
1807 1751 1913 1830 scripto
1928 1752 2043 1828 publice
2057 1759 2195 1828 extante,
2217 1754 2249 1810 in

216 1843 321 1903 tinacia
341 1840 424 1900 fortis
444 1839 523 1896 illius
544 1838 649 1895 atrium
664 1835 790 1894 tenentis
806 1834 1037 1911 conspiceretur,
1058 1851 1090 1891 se
1103 1849 1206 1910 rogare
1256 1857 1314 1915 quo
1342 1855 1481 1914 expresse
1503 1849 1533 1896 et
1555 1838 1650 1915 palam
1671 1837 1817 1914 Lipsicum
1837 1837 1957 1894 lotar-im
1977 1835 2142 1894 damnetur.
2193 1838 2248 1894 Al.

216 1929 392 1989 mediatores
409 1923 474 2001 Qer
494 1923 658 1994 Christum,
691 1929 724 1978 ut
751 1919 842 1977 libera
868 1919 985 1995 spiritus
1012 1917 1207 1976 admonitione
1257 1933 1369 1997 terum,
1401 1940 1467 1980 eum
1495 1939 1528 1980 sc
1556 1933 1615 1982 tota
1635 1923 1793 1980 Germania
1821 1921 1990 1998 participem
2017 1919 2121 1980 iecerit
2149 1931 2161 1978 t

216 2031 318 2074 veram
349 2008 559 2088 poenitentiam
585 2004 838 2082 Vitehergensium
867 2013 1031 2078 tentarent,
1068 2013 1157 2080 atque
1176 2003 1206 2059 in
1257 2025 1322 2066 rum
1343 2017 1543 2084 peccatorum,
1570 2006 1783 2082 defectionum,
1814 2005 2053 2080 abnegationem,
2083 2023 2099 2062 c
2150 2025 2188 2083 up
2213 2029 2247 2064 o-

217 2119 254 2159 ea
288 2113 321 2156 re
349 2095 445 2153 Mum
479 2092 570 2168 magis
602 2105 689 2167 quam
722 2089 815 2146 ullum
842 2088 987 2146 hominem
1017 2088 1205 2164 respicerent·
1257 2109 1342 2166 num,
1369 2093 1601 2168 persecutionum
1622 2103 1653 2151 et
1674 2089 1890 2164 scandalorum,
1910 2099 1941 2147 et
1962 2090 2019 2147 inm
2031 2025 2247 2251 hairar-

217 2185 365 2262 oportere
386 2178 464 2237 enim
483 2174 564 2234 fores
584 2190 706 2250 crepare
727 2182 758 2232 et
778 2191 864 2232 canes
885 2173 1010 2248 lairere,
1032 2182 1064 2232 ut
1087 2175 1135 2230 bos
1155 2171 1207 2230 ille
1257 2177 1343 2251 serit,
1367 2187 1496 2234 cometae
1510 2185 1541 2235 et
1554 2177 1610 2234 alia
1627 2175 1758 2254 prodigia
1771 2175 1940 2254 praedicent
1954 2173 2089 2232 horrend
2165 2193 2247 2253 enus,

218 2271 326 2326 cubans
353 2275 385 2323 et
410 2261 537 2320 suaviter
564 2259 710 2318 domniens
735 2257 891 2336 aliquando
913 2257 1031 2316 tandem
1050 2258 1204 2316 excitetur.
1256 2271 1288 2319 et
1308 2281 1362 2338 pro
1383 2258 1490 2318 foribus
1512 2261 1585 2320 adsit
1598 2261 1752 2320 Turricum
1767 2259 1933 2338 flagellum,
1954 2257 2020 2316 ideo
2037 2277 2156 2318 neccsse
2170 2278 2246 2338 esse,

219 2355 337 2411 Fratres
369 2364 470 2406 omnes
496 2353 637 2423 quotquot
664 2343 802 2402 adessent
830 2343 902 2402 dare
929 2343 997 2420 ipsis
1023 2352 1206 2420 potestatem,
1257 2347 1386 2404 homines
1414 2347 1499 2404 ctiam
1527 2347 1665 2422 deinceps
1691 2345 1730 2403 de
1752 2357 1810 2403 tam
1831 2343 1913 2402 tetris
1934 2344 2058 2421 peremis
2078 2363 2249 2404 commone

218 2440 275 2496 1120
296 2442 428 2494 amanter
449 2447 550 2505 orare,
584 2439 617 2486 ut
638 2427 730 2486 libere
751 2445 784 2488 se
805 2445 920 2505 qnoque
940 2425 1207 2501 commonefaciant,
1257 2429 1330 2489 fieri.
1378 2429 1559 2490 Praedixisse
1582 2443 1615 2488 et
1633 2425 1837 2505 botherum,
1866 2425 1961 2488 Deum
1979 2429 2160 2488 Germaniam
2182 2448 2242 2505 pu-

217 2521 305 2582 sicuhi
324 2517 382 2576 vel
408 2518 439 2574 in
467 2515 536 2592 ipsis
556 2514 605 2572 rel
625 2513 656 2569 iu
677 2530 762 2572 causa
782 2513 891 2590 ahquid
912 2511 1140 2588 reprehensione
1161 2511 1207 2568 di-
1258 2515 1384 2574 niturum
1413 2531 1478 2573 csse
1505 2526 1626 2594 propter
1652 2525 1786 2594 peccata,
1819 2525 1849 2573 et
1872 2531 1948 2570 nunc
1970 2511 2095 2572 osticium
2114 2513 2239 2573 omnium

192 2625 307 2685 ‚gutum
328 2611 503 2673 cernerent,
530 2597 579 2656 rel
601 2595 867 2656 animadverterent
887 2597 1208 2674 ipsoscontraverbum
1258 2601 1487 2658 concionatorum
1514 2617 1594 2675 esse,
1630 2611 1662 2658 ut
1690 2599 1804 2660 assidue
1832 2597 1972 2676 populum
2001 2597 2040 2656 ad
2068 2597 2241 2676 agnitionem

217 2692 274 2750 Dei
301 2685 409 2765 aliquid
437 2683 592 2760 suscipere.
646 2683 771 2740 Daturos
791 2680 870 2739 enim
890 2697 923 2740 se
944 2682 1059 2739 omnino
1080 2698 1208 2758 operam,
1259 2693 1401 2744 tantorum
1429 2693 1615 2762 peccatorum
1641 2695 1671 2744 et
1693 2683 1730 2742 ad
1751 2685 1838 2743 serias
1858 2699 1961 2760 preces
1983 2681 2129 2740 faciendas
2147 2681 2244 2740 dedn-

217 2785 252 2834 tst
272 2787 387 2832 errores
407 2777 507 2828 contra
526 2767 648 2824 verbnm
668 2767 724 2824 Dei
745 2767 906 2824 commissos
933 2775 1087 2841 revocent,
1120 2776 1151 2824 et
1172 2767 1209 2824 ab
1257 2779 1340 2844 cant,
1375 2769 1398 2826 si
1425 2769 1503 2827 forte
1524 2771 1706 2828 iunninentes
1727 2787 1839 2846 poenae
1860 2767 1974 2826 'l'trrcici
1996 2767 2104 2844 flagelli
2126 2779 2245 2842 possent

217 2859 310 2936 impiis
337 2865 426 2932 atque
454 2851 560 2910 illicitis
587 2851 734 2908 tonaiibtn
761 2850 911 2908 desistant·
968 2851 1050 2909 Idem
1072 2849 1208 2925 officium,
1258 2855 1359 2913 averti.
1417 2853 1504 2922 Quod
1525 2854 1562 2912 ad
1583 2856 1758 2934 agnitionem
1782 2864 1926 2931 utraeque
1947 2863 2060 2927 partem
2080 2849 2246 2910 faciendam

217 2959 249 3004 nt
279 2953 308 3000 ct
337 2940 421 2998 alteri
450 2938 525 3015 parti
544 2929 721 3012 praestent,
755 2945 786 2993 et
814 2935 952 3012 pietatem
980 2936 1072 3012 ipsam
1099 2947 1129 2994 et
1150 2937 1207 2994 iam
1258 2940 1412 3013 attineret,
1447 2957 1511 3018 sese
1539 2939 1593 2997 hoc
1614 2957 1730 3018 quoque
1752 2957 1790 2997 ex
1811 2939 1905 2996 aniano
1927 2953 2051 3012 cupere,
2085 2944 2117 2994 ut
2140 2935 2190 2994 fiat
2212 2957 2246 2996 se

218 3032 292 3088 hanc
319 3027 409 3104 ipsam
439 3023 660 3080 transactionem
689 3021 847 3098 postulare.
898 3019 985 3087 Quod
1011 3019 1050 3080 de
1078 3019 1207 3096 periculo
1231 3064 1234 3136 ἶ
1258 3036 1389 3102 paratum
1411 3042 1491 3097 esse,
1515 3024 1602 3082 sicubi
1621 3026 1702 3082 iuxta
1722 3025 1843 3082 verbum
1863 3021 1919 3081 Dei
1939 3019 1977 3078 de
1999 3021 2140 3098 aliquibus
2161 3021 2245 3080 erro-

218 3114 373 3182 dixisseut,
408 3107 439 3166 id
467 3125 524 3164 non
546 3107 665 3162 nimium
686 3122 751 3164 esse
772 3105 1025 3181 exaggerandum,
1061 3123 1116 3162 nec
1137 3125 1207 3183 pro-
1230 3141 1234 3230 ι
1258 3110 1333 3166 rilms
1354 3108 1605 3184 commederet,
1627 3109 1703 3168 ultro
1723 3109 1848 3182 cedere;
1876 3109 1918 3164 sin
1941 3103 2048 3180 miuus,
2070 3123 2102 3162 se
2116 3123 2174 3162 non
2187 3105 2245 3164 im·

217 3207 321 3276 pterea
343 3195 486 3251 actionem
506 3190 749 3266 abrumpendam3
777 3191 872 3248 Demo
895 3191 989 3264 enirn,
1021 3191 1101 3248 cuim
1122 3209 1207 3248 causa
1230 3235 1233 3270 :
1258 3194 1360 3272 [redire
1388 3213 1441 3271 pro
1470 3195 1621 3268 publicano
1650 3204 1681 3252 et
1708 3193 1822 3251 ethnico
1854 3191 2020 3250 haberetur.
2084 3189 2245 3250 Praeterea

217 3291 370 3360 ageretur,
405 3277 482 3352 ipsos
504 3285 711 3352 protecturum.
769 3274 885 3331 Deinde
908 3275 976 3330 rrilril
1001 3276 1120 3350 periculi
1142 3293 1206 3334 csse
1230 3277 1233 3299 ¹
1257 3279 1352 3338 mirari
1382 3296 1415 3336 se
1443 3278 1651 3354 vehementer,
1685 3296 1743 3356 qua
1763 3277 1859 3334 fronte
1882 3270 2063 3350 Philippus
2084 3275 2175 3349 ausit,
2210 3294 2245 3334 se

216 3363 388 3425 astudiosis
409 3359 597 3418 metuendum
618 3359 648 3415 in
670 3357 723 3416 hac
746 3359 830 3415 totius
844 3357 995 3416 Ecclesiae
1012 3377 1106 3416 causa.
1148 3361 1205 3420 Pe·
1255 3363 1415 3437 criminari,
1437 3363 1518 3440 qnasi
1539 3363 1675 3439 sentiret,
1696 3363 1787 3421 filium
1806 3361 1862 3419 Dei
1883 3379 1940 3419 non
1963 3359 2018 3416 dici
2040 3353 2148 3437 λόγον,
2177 3374 2246 3417 cnm

216 3459 323 3508 stremo
352 3465 410 3524 que
437 3445 589 3502 certiorem
611 3443 784 3500 senteutiam
805 3442 843 3500 ad
864 3461 929 3500 suos
949 3444 1134 3520 Vitebergam
1157 3463 1205 3503 te·
1257 3457 1353 3506 tamen
1375 3447 1446 3506 oiim
1467 3447 1583 3524 publice
1604 3465 1640 3506 ea
1661 3447 1699 3506 de
1721 3465 1755 3505 re
1778 3445 1919 3519 ediderit,
1944 3454 1974 3503 et
1991 3439 2038 3506 W
2035 3459 2154 3502 cratero
2176 3455 2245 3502 tan-

216 3545 332 3612 portnre
360 3541 494 3607 possent,
527 3528 633 3585 iratres
654 3528 766 3603 scriptis
788 3527 957 3604 qnilmsdmu
975 3517 1103 3586 honrem
1125 3548 1204 3587 suam
1256 3543 1315 3590 tum
1337 3531 1534 3607 mandauerit,
1555 3541 1589 3591 ut
1609 3551 1673 3590 cum
1687 3526 1848 3608 Phiiippo
1869 3527 2031 3603 conferret,
2052 3529 2132 3606 quod
2149 3545 2246 3605 geae-

215 3615 487 3692 comprehendisse,
515 3625 545 3670 et
566 3614 621 3670 iam
643 3612 781 3671 exhibere
805 3613 859 3669 tria
879 3613 1001 3690 scripta,
1029 3615 1152 3690 primum
1167 3615 1204 3672 ad
1255 3618 1371 3676 rationis
1392 3617 1508 3674 modum
1531 3627 1682 3694 tantopere
1703 3617 1861 3674 inculcaret
1881 3613 2025 3672 iuventuti
2040 3631 2100 3672 non
2116 3630 2245 3690 expres-

214 3704 251 3762 ll.
274 3700 449 3758 Mediatores
477 3698 634 3772 directum,
668 3699 746 3774 quod
768 3693 809 3758 0.
832 3707 959 3755 notatum
989 3709 1049 3774 est,
1079 3699 1204 3758 alterurn
1254 3722 1315 3759 snm
1335 3702 1366 3758 in
1387 3702 1473 3760 meris
1496 3701 1586 3762 literis
1608 3713 1639 3760 et
1659 3721 1746 3780 supra
1767 3700 1883 3758 medum
1905 3697 2112 3776 periculosum,
2133 3715 2246 3776 nempe

214 3789 244 3844 iu
268 3805 324 3862 quo
345 3785 541 3842 contineretur
563 3781 696 3840 iudicium
719 3783 757 3840 de
779 3783 885 3858 scripto
910 3777 1069 3861 Philippa·
1088 3797 1202 3860 postre·
1253 3786 1330 3864 quod
1353 3785 1503 3862 cogitando
1525 3786 1601 3844 silius
1621 3803 1659 3844 ex
1681 3797 1764 3864 patre
1787 3794 1870 3842 uatus
1891 3785 1936 3842 sit.
1980 3782 2069 3856 ltem,
2089 3801 2156 3840 curn
2170 3801 2245 3840 con-

216 3889 280 3942 ano,
313 3869 342 3925 in
371 3887 428 3943 qno
456 3866 519 3924 dira
547 3877 578 3923 et
599 3876 675 3924 tetra
695 3867 822 3925 conuicia
840 3867 869 3922 in
892 3885 956 3926 sese
977 3871 1104 3939 evomuit
1125 3870 1202 3946 quod
1252 3883 1309 3930 stet
1331 3889 1369 3929 ex
1392 3870 1470 3928 libris
1490 3881 1590 3930 corana
1606 3863 1882 3948 Stenckfeldt'tsus
1906 3865 2007 3942 editis,
2028 3865 2100 3924 nihil
2121 3883 2139 3922 a
2161 3885 2245 3924 com-

214 3956 302 4014 habet
322 3953 435 4009 literam
451 3945 504 4022 P.,
527 3951 642 4008 tertium
663 3951 740 4026 quod
761 3951 882 4008 haberet
904 3951 1027 4010 indicem
1049 3965 1202 4031 corrupte·
1252 3955 1331 4012 intrari
1354 3965 1514 4012 nostrarum
1529 3955 1722 4014 Ecclesiarum
1737 3955 1912 4014 sententiaa
1927 3969 1958 4010 se
1974 3951 2062 4025 tradi,
2082 3952 2139 4008 imo
2153 3951 2245 4008 etiam

214 4039 322 4108 mum,
344 4038 417 4094 sient
438 4053 505 4092 eum
526 4053 544 4091 a
565 4035 643 4092 vebis
664 4036 857 4110 flagitassent,
884 4034 944 4114 (hic
965 4035 1055 4096 index
1071 4031 1101 4113 Q
1118 4049 1201 4095 nota-
1251 4041 1280 4096 in
1304 4039 1483 4115 praefatione
1505 4039 1638 4098 Chronici
1660 4039 1775 4118 Sulpitii
1796 4038 1900 4098 Severi
1927 4045 2026 4095 eontra
2054 4035 2246 4094 Servetianos

214 4135 261 4181 tus
282 4119 355 4200 est),
383 4137 555 4194 arrogare,
583 4129 615 4174 ut
636 4135 671 4174 ea
692 4119 799 4194 scripta
820 4117 992 4194 perlegere,
1029 4123 1201 4198 expendere
1251 4123 1427 4181 disseruerit.
1478 4125 1627 4184 Accedere
1654 4126 1739 4184 eham
1763 4125 1833 4200 hoc,
1866 4119 1944 4201 quod
1965 4137 2061 4198 nuper
2081 4117 2245 4178 admodum

213 4219 243 4266 et
265 4207 294 4264 in
317 4206 349 4261 iis
371 4223 456 4280 porro
479 4203 595 4260 tradere
617 4202 723 4276 velint,
758 4201 795 4258 ad
817 4221 887 4278 quos
909 4203 982 4262 haec
1003 4223 1086 4264 causa
1108 4210 1201 4284 pcrti-
1252 4208 1349 4266 literas
1377 4215 1493 4284 apertas
1514 4209 1710 4288 Vitenbergae
1731 4208 1812 4286 affigi
1833 4205 1976 4266 curaverit
1995 4205 2121 4262 subiecto
2144 4203 2244 4262 chire-

212 4309 300 4361 nere;
330 4289 457 4364 denique
480 4287 686 4362 propositiones
708 4285 845 4363 quasdam
868 4287 936 4364 ipsis
957 4289 1048 4348 obiter
1062 4291 1200 4368 legendas
1251 4291 1377 4368 grapho,
1404 4294 1434 4348 in
1449 4293 1551 4370 quibus
1566 4313 1646 4352 suam
1659 4296 1832 4352 sententiam
1844 4290 2013 4363 declararit,
2034 4306 2104 4368 quas
2119 4287 2244 4365 quidem

211 4373 344 4435 umbos-i
365 4389 403 4429 ex
426 4371 548 4428 honnliis
571 4363 729 4430 Maioris.
1250 4377 1312 4452 ipse
1334 4371 1519 4454 Philippos
1547 4379 1698 4436 avulsisset
1719 4389 1750 4436 et
1771 4379 1833 4435 aliis
1854 4383 2049 4434 monstrasset.
2101 4371 2245 4450 Denique

296 4453 457 4536 Illyricas
485 4453 583 4529 addit,
618 4473 650 4512 se
679 4453 732 4512 hac
761 4463 846 4512 necte
874 4473 977 4532 parum
997 4457 1123 4519 donnire
1144 4479 1199 4538 po·
1250 4461 1312 4536 cogi
1334 4479 1381 4535 sc,
1409 4462 1445 4520 ad
1466 4464 1711 4538 comprimendam
1732 4463 1807 4520 hauc
1829 4473 1887 4520 tam
1908 4471 2035 4518 atrocem
2055 4447 2245 4533 alaniam,

213 4544 315 4615 titisse,
344 4543 434 4618 idque
453 4550 574 4617 propter
593 4540 727 4612 ingentes
741 4557 823 4596 curas
838 4557 870 4597 ac
884 4541 1105 4619 sollicitudines,
1128 4565 1198 4620 quas
1249 4545 1286 4602 ad
1315 4545 1462 4604 edendnm
1483 4547 1635 4624 scriptum,
1669 4565 1726 4604 non
1747 4545 1825 4604 facta
1845 4555 1943 4604 tamen
1964 4543 2130 4620 cuiusquam
2152 4557 2244 4598 men-

212 4628 261 4684 din
274 4637 427 4702 noctuque
448 4625 479 4680 in
506 4623 560 4682 hac
590 4623 755 4700 gravissima
781 4641 865 4681 causa
894 4625 1007 4702 volvat,
1040 4638 1070 4686 et
1097 4630 1198 4688 videre
1249 4630 1335 4687 tiene.
1379 4629 1427 4688 Ne
1449 4639 1546 4688 autem
1568 4633 1636 4709 ipsis
1657 4631 1771 4708 prolixa
1791 4631 1920 4689 oratione
1935 4627 2094 4685 molestiam
2111 4625 2245 4702 aliquam

211 4729 243 4769 se
264 4709 343 4788 quod
364 4709 457 4766 minus
477 4708 627 4784 minusque
649 4707 712 4783 spei
732 4707 762 4765 in
777 4709 979 4768 convertendis
992 4711 1198 4788 adiaphoristis
1248 4715 1394 4790 adferret,
1427 4715 1557 4773 exhiberi
1584 4717 1641 4774 iam
1669 4713 1789 4774 dominis
1817 4713 2020 4774 mediatoribus
2048 4711 2103 4768 tria
2130 4710 2246 4786 scripta

209 4803 356 4870 emergam
390 4811 449 4850 non
476 4791 622 4850 hominem
651 4793 703 4850 sed
732 4792 871 4868 Spiritum
898 4807 1029 4854 mucium
1057 4796 1197 4858 hactenus
1248 4801 1392 4856 communi
1418 4801 1553 4874 nonnae,
1588 4811 1618 4858 et
1647 4799 1715 4858 addi
1745 4801 1838 4858 obiter
1863 4799 1931 4876 ipsis
1959 4794 2169 4872 propositiones
2198 4811 2242 4850 ex

209 4877 407 4957 principaliter
426 4877 553 4950 arguisse
573 4877 640 4934 istas
661 4887 750 4934 tetras
767 4876 962 4953 defectiones,
983 4882 1196 4959 abnegationem
1248 4882 1368 4940 homiliis
1389 4880 1535 4942 Maioris
1556 4895 1716 4960 extractas,
1737 4899 1917 4960 arrogare,
1945 4891 1978 4938 ut
2000 4889 2112 4938 atteme
2133 4877 2242 4954 perle-

208 4962 389 5040 wffuff⁰¹⁸³
414 4959 693 5036 Adial³l¹⁰f⁸¹⁸lill¹¹¹¹³i
730 4961 798 5020 lili-’⁰
825 4963 916 5040 mgis
944 4965 1104 5024 mirandam
1132 4985 1196 5026 esse
1248 4983 1331 5043 gant,
1354 4978 1385 5026 et
1405 4969 1479 5026 serio
1501 4979 1588 5046 atque
1608 4981 1773 5028 constanter
1795 4985 1856 5025 rem
1879 4975 1987 5024 tantam
2008 4973 2104 5040 agant.

209 5059 317 5106 tanatem
345 5045 463 5102 istorum
491 5043 636 5102 laominum
663 5047 885 5123 contumaciam,
911 5051 1070 5108 excruciari
1097 5062 1195 5111 autem
1332 5053 1433 5110 liabita
1460 5055 1595 5129 perbrevi
1617 5054 1824 5113 deliberatione
1846 5043 2019 5111 Mnrlinrss
2041 5045 2241 5106 hlediatornm

208 5151 292 5190 suum
311 5131 437 5189 arrimmn
459 5127 497 5184 de
519 5127 646 5206 quinque
668 5132 842 5204 potissimum
864 5136 964 5210 rebus,
998 5153 1119 5213 quorum
1141 5137 1196 5194 tria
1247 5137 1374 5194 norrrirret
1384 5138 1556 5214 respondet,
1578 5157 1642 5198 sese
1664 5137 1775 5196 lubenti
1796 5136 1891 5192 animo
1909 5135 1983 5192 haue
2005 5149 2114 5190 moram
2131 5129 2242 5190 serisso

207 5225 305 5274 essent
333 5215 390 5272 iarrn
419 5221 517 5270 sanata
546 5213 612 5270 satis
640 5215 810 5272 currscientia
838 5221 984 5294 permissa
1044 5213 1195 5280 Primum
1245 5231 1276 5277 et
1304 5221 1469 5296 intelligere
1497 5241 1611 5281 causam
1633 5239 1696 5280 esse
1718 5221 1837 5280 ardema
1859 5231 1890 5278 et
1909 5219 1991 5276 nullo
2013 5215 2098 5274 modo
2120 5218 2240 5292 praeci-

207 5301 261 5358 'r'un
291 5299 450 5358 condonata
478 5315 546 5354 esse
563 5299 604 5355 eis
625 5309 729 5374 sponte
750 5309 780 5356 et
802 5321 859 5360 non
880 5303 1102 5381 deprecantibus
1124 5325 1193 5362 con·
1245 5305 1407 5380 pitandarn;
1430 5323 1493 5364 sese
1515 5303 1601 5368 maria
1624 5309 1698 5365 bona
1718 5303 1891 5364 consecutis
1912 5301 1987 5362 hunc
2010 5317 2123 5359 casnm
2145 5317 2241 5377 egere

205 5387 277 5444 vicia
307 5395 382 5442 tetra
409 5395 439 5439 ct
468 5383 594 5457 infinita,
629 5401 703 5458 quae
731 5384 760 5438 in
788 5403 851 5444 sese
880 5399 910 5448 et
937 5389 1007 5447 ahos
1036 5389 1097 5468 pios
1123 5389 1192 5468 ipsis
1247 5425 1464 5444 ----,.-

205 5471 375 5528 resistentes
396 5466 537 5526 menos
555 5467 737 5528 effudissent
788 5470 845 5546 Se,
874 5467 1065 5555 Ilipa-iram,
1093 5473 1191 5553 pdra-
1278 5485 1311 5560 a)
1329 5490 1367 5540 „a
1387 5485 1523 5542 mam,
1542 5481 1634 5540 „aaut
