4708 6190
101 351 174 427 aar
295 397 298 406 ·
425 359 440 386 ·
669 345 1104 444 urtsroosnuu

105 521 406 616 umddtig'bottsu
423 523 593 618 tecgaiclyra
609 524 758 607 nicom,
790 523 849 596 coic
861 520 937 612 aad)
955 519 1032 612 aad)
1044 522 1105 595 tm

105 629 263 724 Synodis
279 630 521 720 apostolurum
539 633 603 700 ttnb
616 626 771 698 Nicaeua
795 626 856 699 biti
881 623 1102 699 witemora·

105 749 144 824 ge
156 729 453 821 inibaromcdttea
466 729 630 820 marona
646 729 807 816 remcaret
821 721 940 817 bebrua
964 727 995 815 lo
1010 727 1101 800 nire

104 835 238 922 bmasd)
252 827 367 922 lcpmb
379 837 444 904 nob
456 837 514 905 beo
529 831 758 916 iiodiommco
775 829 841 920 lehc
858 837 937 919 gut,
961 831 1022 919 bad
1039 831 1102 900 oie·

103 935 149 1008 ier
165 931 418 1028 Eoniicdptigct
442 937 506 1006 unb
523 933 687 1024 (betcbttrc
706 931 894 1024 cinttldttt'g
908 931 1048 1025 dragma
1063 932 1098 1003 la

102 1035 665 1130 totarnsynouogrtoffrtntrtc.
690 1043 752 1108 aab
768 1035 897 1106 mitten
911 1033 982 1126 tos)
999 1034 1098 1122 attiae

102 1139 204 1212 ianbc
220 1137 476 1230 Cintrddptigieit
496 1139 557 1232 auf
570 1141 617 1224 bic
633 1137 862 1230 meditamen
879 1137 980 1209 cebro.
1025 1135 1097 1208 uo

101 1235 1095 1333 mummmmmmfflmmmbffimm

101 1343 206 1440 &fulg
221 1349 285 1417 tm
298 1343 502 1436 mittantur
518 1343 663 1415 trorum
672 1392 683 1429 ,
708 1353 779 1416 mas
794 1339 1021 1430 rotgandpmra
1036 1341 1095 1439 ica).

101 1441 174 1519 lire
200 1444 392 1538 statuuat
409 1443 512 1530 (batt,
551 1445 726 1536 lirimaffcc
747 1447 824 1516 atter
842 1441 1094 1520 ereaturarum

99 1549 210 1622 utores
233 1548 341 1636 antus
360 1547 534 1641 britannas
557 1545 637 1634 Scin
662 1543 776 1637 librili
797 1547 858 1618 snb
877 1546 1027 1632 &rariter
1042 1547 1096 1616 bec

100 1651 213 1740 strar
227 1657 291 1722 aab
305 1652 451 1741 arettae
464 1651 669 1743 illegimcote,
695 1651 786 1722 toste
799 1670 836 1742 ga
850 1641 895 1742 ¹⁸)
914 1647 1009 1736 birico
1023 1647 1095 1720 &az

99 1754 172 1840 curn
195 1749 310 1827 &aaut
330 1753 444 1844 mica.
478 1759 541 1824 unt>
567 1749 607 1826 Θ.
626 1751 664 1838 8.
680 1751 727 1826 u.
749 1773 791 1824 aa
813 1751 883 1826 trit
913 1751 976 1822 aab
1000 1749 1096 1823 &ectr

98 1851 228 1942 titum
279 1853 433 1942 Datum,
458 1859 514 1927 but
529 1855 591 1929 20.
601 1855 724 1925 Martii
740 1879 834 1924 annu
849 1851 973 1923 salutis
985 1849 1094 1926 1559.

700 2053 940 2128 acmrcbimcc

606 2153 796 2252 Philippus
815 2154 1042 2230 Melanthon.

1155 338 1269 418 ΜΒ.
1286 345 1401 426 'xtlt
1455 351 1588 431 tsss.
2074 362 2154 440 -702

1257 514 1363 605 de
1383 521 1490 611 igitur
1505 527 1549 594 de
1566 529 1812 600 emendatione
1829 525 2067 610 Ecclesisrutn
2083 537 2147 606 de·-

1154 616 1328 704 liberatis,
1371 625 1427 713 pie
1456 629 1587 713 facitis,
1624 632 1715 703 sicut
1747 637 1954 703 mandatum
1980 647 2047 706 est:
2091 635 2145 707 Et

1151 743 1248 789 nuno
1270 713 1392 816 Reges
1415 725 1628 823 intellegite:
1661 732 1722 806 elc'
1739 733 1873 824 Filium
1895 731 1962 805 Dei
1989 761 2070 826 ora,
2104 755 2145 810 ut

1150 823 1297 892 consilia
1324 841 1438 899 vestra
1464 835 1647 920 gubernet.
1709 836 1860 932 Necesse
1885 851 2078 912 astantem
2105 843 2142 912 in

1150 925 1394 998 emendatiooe
1411 927 1504 1001 hanc
1521 936 1866 1029 circumspectionem
1891 937 2078 1028 adhibere,
2104 961 2154 1030 ut,

1150 1027 1315 1106 doctriua
1334 1036 1464 1110 tradita
1490 1037 1528 1118 in
1543 1039 1684 1130 scriptis
1697 1037 1920 1132 Proplteticis
1934 1041 2145 1140 stilposto-

1150 1127 1250 1234 licis,
1272 1145 1306 1202 et
1321 1159 1479 1228 expressa
1497 1139 1535 1212 in
1552 1139 1748 1234 symbolis,
1774 1159 1978 1224 constanter
1991 1149 2144 1222 retinea-

1150 1237 1225 1318 t'ur,
1259 1255 1325 1306 nec
1354 1239 1568 1314 misceantur
1600 1243 1830 1337 corruptelae.
1908 1245 1997 1316 Nam
2033 1252 2145 1320 solius

1150 1327 1335 1424 Evangelii
1360 1363 1445 1410 voce
1470 1356 1565 1412 certo
1589 1344 1722 1437 colligit
1741 1345 1855 1423 Filius
1872 1345 1939 1420 Dei
1963 1367 2143 1430 aeternam

1125 1475 1126 1480 κ
1148 1421 1363 1525 E‘c'rlesiam,
1396 1467 1468 1512 non
1485 1445 1565 1515 aliis
1582 1449 1766 1524 doctrinis.

1173 1631 1177 1640 ι
1239 1539 1331 1616 ‚sint
1347 1547 1450 1618 certis
1467 1548 1554 1618 locis
1571 1547 1702 1622 iudicia
1720 1547 1897 1622 Ecclesiae
1919 1555 1963 1624 de
1980 1557 2142 1626 doctrina

1147 1650 1181 1713 et
1203 1641 1381 1724 moribus,
1414 1663 1454 1720 ut
1478 1647 1693 1723 sit‘ceusura
1711 1653 1971 1740 Ecclesiastico,
2006 1671 2040 1727 et
2055 1681 2144 1728 cona

1148 1739 1301 1813 tumaces
1317 1749 1513 1836 puniantur
1526 1777 1646 1826 severa
1662 1757 2043 1844 excommunicatione,
2082 1763 2143 1829 sed

1147 1846 1252 1915 rebus
1271 1845 1397 1920 ordine
1411 1853 1583 1930 iudicatls.
1635 1853 1786 1930 Sclrolae
1803 1859 1986 1928 literarum
2000 1883 2143 1955 qnoque

1148 1949 1415 2022 constituendae
1437 1973 1538 2041 suut,
1578 1973 1616 2028 ut
1641 1961 1877 2037 adolescentia
1910 1963 2021 2034 distat
2043 1984 2142 2032 sum*

1148 2069 1245 2153 mam
1260 2077 1361 2122 verae
1378 2057 1560 2128 doctrinae
1576 2064 1619 2128 de
1632 2056 1729 2148 Deo,
1755 2078 1788 2134 et
1805 2063 1963 2152 linguas,
1998 2079 2032 2137 et
2049 2079 2141 2135 artes

1146 2143 1324 2224 Ecclesiae
1338 2157 1452 2234 utiles.
1506 2157 1671 2252 Optarim
1686 2165 1792 2234 etiam
1809 2167 1933 2256 pios-et
1949 2171 2143 2258 pnrtlen'tes

1147 2247 1242 2322 viros
1255 2254 1299 2326 de
1316 2264 1524 2333 ceremoniis
1541 2265 1712 2356 cogitare,
1741 2281 1775 2336 et
1787 2264 1915 2357 eligere
1932 2289 2005 2338 non
2021 2271 2141 2341 desor-

1147 2379 1238 2440 mes,
1270 2383 1345 2430 non
1368 2359 1555 2449 ridiculas,
1595 2380 1630 2437 et
1653 2367 1837 2460 perlicere,
1873 2391 1918 2438 ne
1944 2393 2071 2460 magna
2094 2373 2141 2442 sit

1146 2452 1183 2523 in
1202 2481 1276 2530 una
1298 2465 1443 2565 regione
1464 2465 1729 2542 dissimilitudo.
1789 2467 1842 2542 Ac
1867 2473 1911 2540 de
1929 2495 2048 2542 carum
2071 2497 2139 2543 usn

1084 2625 1092 2642 ,
1146 2561 1298 2651 populus
1315 2578 1406 2638 recte
1423 2569 1608 2656 doceatur,
1638 2597 1701 2644 uec
1718 2575 1871 2644 addatur
1884 2573 2007 2664 opinio
2022 2577 2139 2646 cultus

327 2773 595 2862 proceram
623 2769 864 2862 Palaniot's.

166 2939 251 3010 Epist.
264 2938 310 2992 lib.
324 2935 370 2992 lli.
386 2956 413 3010 p.
420 2935 464 2988 6⁵.
477 2935 532 3001 (cd,
548 2933 639 2989 Lend.
653 2932 759 2990 lib.lll.
773 2955 815 3006 sp.
828 2935 870 2992 80.
885 2947 911 2992 ct
923 2938 951 2992 lu
962 2939 1090 2998 Melantb.

199 3003 304 3062 lionail.
331 3005 374 3060 lat.
392 3004 434 3057 ·P.
456 2997 489 3056 ll.
515 3023 541 3078 p.
560 3003 634 3070 356.)
657 3031 685 3042 -
725 3005 868 3060 caeterum
886 3005 960 3063 conl.
985 3025 1029 3080 cp.
1054 3011 1088 3064 ad

153 3085 172 3126 ⁰
199 3071 614 3156 Msttbeslumd.d.28.blsrt.

91 3232 332 3336 Quibusdam
361 3227 570 3331 proceribus
598 3229 638 3300 ia
663 3254 774 3326 regno
795 3225 998 3325 Poloaiae,
1025 3246 1087 3314 etr.

91 3382 143 3470 S.
168 3389 213 3466 ll.
274 3387 433 3460 illustres
465 3397 499 3454 et
530 3381 707 3471 magnifici
738 3379 888 3452 Domini
917 3381 1086 3472 Comites,

92 3495 243 3588 Semper
275 3503 461 3562 veneratus
496 3507 573 3554 sum
607 3481 772 3572 Regnum
807 3478 1005 3570 Polom‘ae,
1042 3513 1084 3556 oo

94 3599 192 3692 quod
216 3595 325 3685 magis
350 3587 513 3662 utilitatis
535 3583 698 3680 publicae
717 3609 818 3654 causa
843 3599 965 3657 contra
980 3583 1019 3656 T
1016 3611 1084 3656 ar-

96 3707 200 3768 tarus
214 3711 245 3768 et
259 3693 406 3768 Turras
422 3713 518 3761 arma
534 3685 657 3778 gessit,
684 3711 788 3780 quam
806 3703 938 3760 caetera
955 3686 1083 3759 Euro-

88 3823 164 3900 pae
187 3823 309 3889 regna,
341 3819 430 3894 quae
449 3793 544 3862 inter
564 3811 638 3860 sese
659 3789 854 3861 ambitione
877 3807 911 3864 et
926 3793 1005 3862 aliis
1020 3817 1082 3864 cu-

88 3903 300 3998 piditatibus
324 3901 416 3970 bella
450 3893 590 3966 inutilia
621 3907 821 3982 gesserunt,
862 3909 903 3966 ut
933 3909 1080 3966 constat.

86 4007 249 4080 Maxime
274 4005 382 4094 igitur
403 4015 487 4092 opto
506 4001 595 4067 hene
615 3993 758 4064 meritae
774 3993 887 4084 genti,
920 4013 961 4068 ut
976 3999 1078 4068 etiam

84 4111 269 4180 illucescat
286 4107 318 4176 ci
333 4107 392 4176 lux
410 4087 614 4190 Evangelii,
646 4111 680 4167 et
694 4097 880 4168 deleantur
899 4097 948 4168 ibi
964 4101 1079 4170 cultus

85 4212 212 4308 impii,
247 4223 278 4278 et
300 4209 418 4286 idola,
450 4217 483 4273 et
509 4203 696 4274 flectantur
719 4199 954 4292 plurimorum
973 4203 1077 4272 corda

82 4313 230 4388 adveri
254 4309 321 4382 Dei
345 4307 623 4382 invocationem,
661 4315 696 4372 et
726 4304 914 4392 colligatur
936 4319 1076 4375 aeterua

82 4415 244 4492 Ecclesia
259 4413 353 4482 Filio
368 4407 446 4480 Dei.
496 4407 589 4494 Quia
604 4403 927 4476 manifestissimum
942 4419 1011 4493 est,
1039 4407 1076 4476 in

82 4519 249 4592 doctrina
264 4513 379 4608 Papae
396 4528 428 4582 et
444 4503 725 4588 monachorum,
749 4507 881 4577 multos
897 4523 1006 4580 tetros
1021 4535 1075 4578 er-

80 4645 185 4695 rores
208 4641 291 4688 esse.
348 4613 522 4702 Corrupto
547 4623 598 4680 est
619 4609 664 4677 ab
688 4607 731 4676 iis
745 4611 906 4680 doctrina
925 4613 969 4680 de
986 4609 1076 4682 Poe-

81 4723 237 4796 niteutia
265 4735 297 4790 rt
322 4714 548 4790 Remissiunc
570 4725 805 4804 peccatorum.
866 4711 1074 4786 Consolatio

80 4831 130 4900 cle
146 4822 281 4896 lustitia
305 4821 385 4890 fidei
411 4818 524 4888 deleta
539 4815 622 4884 luit:
654 4813 861 4883 traditiones
876 4811 1073 4906 Episcopo.

77 4951 163 5002 rum
179 4931 321 4998 tarenmr
339 4937 371 4992 et
388 4917 609 5002 carnificina,
636 4929 668 4986 et
685 4915 786 5006 impii
802 4917 930 4988 cultus,
974 4915 1070 4988 Ficta

1100 2680 1103 2689 ·
1144 2660 1205 2731 aut
1227 2667 1465 2743 necessitatis:
1504 2669 1626 2762 Quare
1653 2689 1744 2747 extet
1769 2675 1806 2744 in
1826 2667 1994 2748 Ecclesiis
2012 2681 2138 2748 vestris

1144 2763 1201 2856 pia
1226 2769 1418 2855 confessio,
1458 2775 1501 2842 de
1536 2789 1609 2845 toto
1633 2771 1791 2870 Corpore
1823 2801 1925 2847 verae
1952 2779 2136 2849 doctrinae

1143 2855 1403 2962 Christianae,
1441 2901 1531 2970 quae
1554 2885 1733 2970 quomodo
1758 2879 1797 2950 iu
1820 2875 2136 2953 nostrisEcelesiis
2222 2870 2226 2878 ¹

1142 2969 1285 3042 recitata
1308 2973 1371 3054 sit,
1404 2999 1615 3070 cognoscere
1639 3005 1680 3050 ex
1699 2978 1755 3054 his
1771 2981 1921 3065 libellis,
1948 3002 2037 3078 quos
2051 2984 2137 3056 mit·

1142 3070 1267 3152 timus,
1301 3077 1483 3166 poteritis,
1521 3083 1699 3175 aquibus
1718 3083 2052 3156 non·disccdlmus.·
2086 3082 2135 3156 Et

1141 3177 1351 3246 concordiae
1367 3201 1469 3249 causa
1488 3187 1651 3272 prodest,
1687 3191 1834 3256 eandem
1858 3209 1977 3256 veram
1995 3190 2134 3258 conles-

1139 3273 1295 3358 sionem,
1322 3279 1446 3350 iisdem
1459 3285 1575 3355 verbis
1584 3289 1785 3375 recitatam„
1810 3283 1985 3360 Ecclesias
1999 3290 2134 3380 ample·

1138 3376 1197 3445 cti.
1248 3375 1428 3453 Curabitis
1452 3387 1556 3456 etiam
1584 3390 1683 3478 pium
1707 3415 1872 3474 examen,
1898 3403 1932 3458 et
1948 3391 2133 3483 publicum

1139 3475 1246 3546 ritum
1268 3475 1524 3556 Ordinationis
1545 3491 1789 3562 ministrorum
1813 3489 2000 3580 Evangelii
2028 3493 2132 3576 iusti-

1137 3577 1203 3646 tui.
1255 3577 1418 3677 Denique
1433 3589 1477 3656 de
1488 3591 1685 3685 praecipuis
1700 3593 1874 3678 materiis,
1899 3607 2130 3663 nostrassen-

1136 3681 1284 3766 tentiae,
1316 3697 1350 3752 et
1366 3691 1680 3778 consuetudinem,
1716 3717 1757 3764 ex
1778 3691 1833 3763 his
1847 3693 1980 3764 libellis
1996 3717 2129 3784 cogno·

1134 3803 1229 3850 scere
1253 3787 1430 3874 poteritis,
1466 3814 1561 3882 quos*
1576 3793 1763 3868 mittimus.
1819 3791 1868 3866 Et
1896 3811 2047 3886 exponet
2070 3797 2127 3866 vir

1136 3883 1268 3953 nobilis
1286 3881 1683 3968 Eusrarhios'fidetirer
1696 3898 1809 3968 nostri
1829 3895 2011 3992 Colloquii
2027 3921 2126 3969 sum·

1133 4009 1238 4058 anam.

1233 4083 1312 4160 Oro
1338 4093 1443 4164 ctiam
1468 4093 1601 4168 Filium
1625 4095 1713 4186 Dei,
1742 4095 1940 4175 Dominum
1962 4113 2125 4194 nostrum

1132 4183 1256 4257 Iesum
1280 4183 1494 4288 Christum,
1526 4201 1733 4274 crucifixum
1755 4225 1820 4296 pro
1843 4203 1951 4277 nobis
1971 4218 2006 4276 et
2022 4226 2123 4276 resu-

1130 4291 1310 4379 scitatum,
1344 4301 1524 4370 ouuodem
1539 4297 1719 4378 Ecclesiae
1732 4329 1835 4386 suae,
1866 4319 1908 4378 ut
1930 4305 2122 4393 clementer

1129 4407 1243 4464 servet
1257 4411 1291 4466 et
1310 4401 1483 4485 gubernet
1499 4400 1757 4480 celsitudinem
1777 4405 1949 4479 Vestram.
2007 4403 2120 4485 Daue
2141 4413 2161 4464 ·’

1128 4493 1237 4564 Anno
1254 4496 1362 4575 1559.
1388 4500 1455 4572 Ilie
1470 4503 1548 4574 XX.
1562 4503 1706 4594 Martii,
1728 4533 1799 4604 quo
1817 4508 1877 4578 dis
1891 4521 1974 4578 aute
1991 4504 2119 4580 Annos
2216 4561 2223 4574 .

1131 4591 1277 4695 1629)
1302 4597 1417 4674 Filius
1436 4603 1522 4694 Dei,
1564 4623 1732 4704 tanquam
1762 4603 2028 4700 Triumphum,
2059 4609 2118 4680 ln·
2238 4661 2240 4670 ι

1126 4722 1265 4790 gruans
1276 4717 1326 4773 est
1343 4705 1380 4774 in
1399 4705 1532 4780 Urbem
1547 4703 1837 4805 lerosolymru,
1860 4724 2024 4803 exceptos
2039 4713 2117 4804 pal-

1127 4803 1193 4870 mis
1218 4818 1254 4875 ct
1274 4806 1380 4893 oleis,
1412 4823 1449 4881 et
1463 4835 1548 4880 vocc
1560 4815 1783 4900 canentium,
1811 4818 1856 4888 de
1876 4813 2012 4906 quibus
2030 4814 2117 4888 dicit

1123 4903 1318 4976 Dominus:
1352 4906 1423 4979 Ex
1445 4911 1724 5012 orcinsantium
1746 4925 1778 4988 et
1805 4912 2115 5012 iamimper-

76 5032 217 5104 oblatio
232 5029 270 5096 in
289 5024 397 5095 Missa
412 5019 604 5114 Papistica,
637 5033 671 5088 et
687 5017 877 5107 adplicatio
893 5043 958 5110 pro
981 5019 1073 5090 vivis
1116 5005 1249 5103 sevi-5¹¹⁸
1272 5003 1432 5082 laudem.
1484 5011 1526 5084 ln
1547 5039 1593 5106 eo,
1610 5040 1780 5106 nummo,
1810 5033 1853 5092 ut
1875 5039 1941 5087 uos
1962 5043 2115 5112 quoque,

75 5151 114 5208 et
132 5131 304 5210 mortuis,
337 5127 512 5196 invocatio
529 5119 715 5192 hominurn
730 5133 970 5206 mortuorum,
997 5145 1070 5190 ma-

72 5239 205 5310 nifesta
231 5231 327 5302 idola
351 5241 446 5297 narrt.
498 5225 682 5316 Quantum
707 5221 940 5314 turpitudinis
960 5237 1010 5294 est
1032 5226 1069 5292 in

69 5339 255 5414 coelibatu
271 5329 438 5422 impum?

68 5493 298 5518 ..σι-’μ

107 5567 158 5632 tt)
176 5571 230 5634 tu]
251 5563 314 5622 sod·
329 5559 412 5619 Goth.
426 5559 489 5620 21!-
512 5562 557 5624 lt.

1124 5133 1325 5204 qumquam
1349 5115 1518 5185 infantuli
1540 5131 1574 5188 ct
1597 5117 1729 5192 inlirrni
1751 5121 1880 5206 simus,
1914 5132 2006 5191 recte
2020 5121 2113 5190 cele·

1123 5211 1266 5282 beantes
1282 5211 1413 5284 Filium
1434 5213 1520 5304 Dei,
1544 5219 1648 5292 iaciat
1668 5222 1743 5314 ipse
1756 5223 1852 5298 unu
1864 5234 2027 5294 aeternus
2043 5219 2113 5292 Pa-

1122 5325 1175 5436 ter
1191 5331 1336 5405 propter
1352 5315 1504 5406 Filium,
1529 5319 1656 5393 Arnen.

1126 5469 1349 5488 ..ψ-ι*

1153 5557 1185 5628 2)
1207 5557 1478 5618 1sts.·crttmturo
1492 5571 1546 5634 ert,
1569 5563 1593 5619 ri
1608 5583 1650 5636 ep.
1666 5583 1738 5624 anns
1752 5565 1829 5624 tsss.
1845 5566 1946 5641 scripte
1957 5577 2008 5624 cst.
