4754 6184
248 321 327 400 sse
425 325 430 338 ¹
817 299 1257 384 ertsromuun
1306 303 1415 388 mn.
1446 309 1551 387 xttt.
1606 309 1741 392 taso.
2194 327 2249 402 tu

250 499 322 594 ptis
341 504 544 568 certaretur.
595 481 676 558 Nou
700 480 944 554 recusavimus
967 494 1004 552 et
1021 479 1168 576 quidem
1184 478 1251 548 be·
1305 479 1415 572 igitur
1437 509 1600 558 normam
1627 503 1777 573 certam,
1810 485 1961 574 scilicet,
1977 487 2111 584 scripta
2126 489 2254 588 Prophe·

253 599 420 676 neficium
434 593 540 665 nobis
556 589 666 660 tribui
679 585 846 660 diximus.
898 581 1056 656 Ventum
1073 597 1125 652 est
1141 581 1254 670 igitur
1306 585 1374 658 tica
1396 603 1431 660 et
1446 583 1670 681 Apostolica,
1703 603 1737 658 et
1751 588 1933 686 Symbola.
1984 589 2080 663 Sicut
2099 607 2129 664 et
2148 595 2181 665 in
2201 600 2256 668 siu-

256 709 302 776 sd
327 697 530 774 certaminis
555 689 720 774 initiu'm,
754 687 851 781 quod
875 685 944 757 fuit
968 685 1195 780 splendidum
1219 695 1256 754 et
1307 690 1399 778 gulis
1430 691 1497 784 piis
1526 692 1612 762 lides
1644 691 1792 776 nititur,
1826 716 1899 763 non
1932 696 2190 782 consuetudine,
2214 718 2257 771 aut

259 805 468 878 iucundum.
545 799 549 806 ’
1308 787 1536 888 Syuotlorum
1550 794 1719 881 decretis,
1742 796 1802 864 sed
1823 794 1953 867 nititur
1966 796 2070 867 verbo
2085 794 2163 885 Dei,
2185 800 2257 871 iuxta

360 903 478 976 Prima
495 893 687 990 disputatio
705 887 887 964 baccfuit.
938 887 1029 962 Cum
1052 911 1192 962 necesse
1210 886 1257 960 sit
1308 892 1459 968 dictum:
1500 887 1674 966 Lucerna
1702 889 1857 991 pedibus
1889 895 1980 967 met's
2012 895 2145 968 uerbum
2172 909 2260 975 turn.

261 1013 302 1084 in
319 1003 477 1082 Ecclesia
500 998 632 1072 iudicia
657 1021 749 1081 esse,
777 1007 941 1086 oportere
965 1007 1000 1064 et
1020 1017 1183 1078 norptam
1200 990 1257 1062 iu·
1312 993 1482 1069 ldemliut
1499 999 1583 1069 etin
1600 999 2121 1071 diiudicationedoctrinarum.
2165 999 2260 1073 Cavil-

262 1111 347 1188 dicii
371 1133 445 1180 esse
469 1119 600 1174 certam
622 1113 658 1170 et
679 1122 754 1169 non
778 1095 989 1186 ambiguam.
1041 1091 1145 1164 Hanc
1170 1117 1256 1162 nor·
1309 1098 1395 1171 latio
1411 1101 1699 1191 deambiguitate
1709 1100 1824 1173 Deum
1839 1101 2051 1172 contumelia
2063 1103 2171 1184 allicit,
2183 1109 2259 1198 quasi

262 1238 357 1286 mam
373 1205 550 1284 Pontificii
569 1203 832 1302 constituebant
852 1209 1064 1290 perpetuum
1078 1195 1259 1268 Ecclesiae
1310 1202 1474 1273 doctrina
1495 1205 1540 1273 ab
1555 1215 1596 1276 ιο
1613 1203 1743 1276 tradita
1759 1204 1806 1276 sit
1820 1204 2083 1296 praestigiatrix.
2131 1203 2260 1276 Plemm-

265 1335 501 1390 eonaemum.·
538 1305 614 1378 Nos
636 1306 674 1376 in
699 1301 929 1394 responsione
950 1300 1108 1392 primum
1128 1295 1260 1392 repeti·
1311 1329 1379 1398 que
1394 1298 1437 1376 cd
1453 1300 1566 1400 ῥητὸν
1581 1328 1740 1398 expresse
1756 1307 1866 1397 dicit,
1900 1307 1987 1400 quid
2004 1307 2047 1378 sit
2063 1307 2261 1396 sentiendum.

264 1421 382 1490 vimus
411 1413 576 1488 usitatam
605 1402 696 1478 haue
728 1401 1112 1476 commemorationem.
1185 1397 1259 1470 Nos
1311 1405 1437 1478 Sicubi
1452 1423 1505 1478 est
1519 1408 1736 1493 obscuritas,
1758 1408 1911 1480 sumitur
1928 1433 1968 1480 cx
1986 1408 2165 1478 collatione
2179 1434 2262 1478 men-

265 1517 432 1612 amplecti
445 1511 574 1606 scripta
589 1503 802 1604 Prophetica
816 1517 852 1576 ct
865 1501 1083 1596 Apostolica,
1106 1515 1141 1574 et
1155 1499 1260 1597 Sym·
1312 1508 1459 1578 brorum
1478 1502 1626 1583 διάνοια
1649 1511 1749 1580 firma
1773 1524 1808 1581 et
1830 1511 2055 1584 consentiens
2067 1507 2224 1601 Deealogo
2239 1525 2262 1580 tt

266 1623 369 1702 bola,
404 1631 440 1690 et
467 1613 597 1686 sentire
634 1635 711 1684 eam
742 1609 941 1680 doctrinam
969 1599 1259 1698 comprehensum
1312 1609 1503 1707 Symbelis.
1539 1611 1612 1684 Nec
1627 1633 1694 1682 nos
1709 1635 1940 1705 aspernamur
1954 1627 2087 1684 veteres
2102 1613 2264 1704 scriptores,

267 1747 341 1798 esse
358 1721 396 1790 in
412 1715 645 1790 Confessione
661 1726 782 1784 nostra
801 1705 991 1804 Augustae
1005 1703 1167 1780 exhibita
1183 1693 1262 1776 Ca-
1311 1716 1372 1784 sed
1393 1715 1563 1801 dicimus,
1585 1711 1780 1785 Ecclesiam
1798 1715 2013 1786 audiendam
2026 1737 2098 1786 esse
2113 1729 2151 1786 ut
2164 1713 2264 1784 doctri·

268 1821 348 1898 rolo
374 1821 417 1898 V.
446 1817 656 1913 lmperatori
677 1814 786 1912 Anno
812 1811 867 1886 Μ.
890 1809 933 1886 D.
959 1809 1075 1882 XXX·
1096 1823 1130 1881 et
1152 1810 1198 1882 eb
1220 1833 1260 1878 en
1312 1841 1405 1886 cem:
1434 1815 1563 1887 Fidem
1588 1840 1674 1886 vero
1698 1817 1764 1888 niti
1783 1819 1893 1887 verbo
1908 1815 1998 1899 Dei,
2020 1816 2263 1896 elcensiderare

266 1924 500 2002 Confessioue
531 1943 595 1990 uos
626 1943 691 1990 uec
723 1917 920 1998 discedere,
957 1938 1022 1986 nec
1045 1913 1261 1983 discessuros
1312 1943 1359 1989 an
1376 1915 1534 1989 Ecclesia
1547 1921 1678 1990 docens
1692 1921 1843 1990 retineat
1856 1921 2007 1990 verbum
2026 1918 2103 1994 Dei.
2142 1917 2264 1988 Citatun

269 2053 362 2116 esse,
387 2041 423 2098 et
445 2025 591 2096 reiicere
612 2043 735 2093 omnes
761 2032 888 2102 sectas,
914 2029 948 2086 et
962 2015 1168 2108 opiniones,
1196 2037 1280 2105 pu-·
1313 2035 1365 2092 est
1380 2020 1484 2092 etiam
1500 2045 1519 2091 a
1535 2021 1640 2093 nobis
1655 2014 1872 2116 Epiphanis'
1884 2023 2041 2094 dictum:
2070 2015 2123 2094 Tri
2135 2020 2210 2091 θεῖα
2220 2009 2265 2112 tii

268 2145 417 2228 guentae
441 2150 522 2198 cum
545 2148 585 2194 ea
600 2120 851 2208 Confessioue,
875 2131 910 2190 et
924 2117 1137 2189 nominatim
1155 2112 1262 2186 Anu·
1311 2147 1415 2220 ματα
1431 2119 1478 2196 οὐ
1492 2115 1617 2197 πάντα
1634 2118 1754 2196 δεῖται
1770 2119 2013 2222 ἀλληγορίας,
2040 2117 2131 2196 ἀλλὰ
2146 2117 2190 2204 ὡς
2206 2119 2265 2212 ipat,

269 2229 506 2333 baptisticas,
539 2225 849 2300 sacramentorum
875 2223 1140 2313 depravatores,
1174 2215 1262 2289 Ser·
1313 2219 1477 2322 θεωρίας
1504 2219 1546 2297 δὲ
1568 2221 1687 2298 δεῖται
1710 2220 1774 2298 καὶ
1798 2219 2011 2322 αἰσθήσεως
2035 2225 2085 2308 εἷς
2103 2220 2143 2296 τὸ
2164 2218 2263 2294 ειδέναι

271 2345 406 2420 vetum,
438 2322 751 2430 Stencksaldt'um
780 2339 815 2396 el
829 2315 1106 2396 Thammewm·
1161 2319 1263 2395 Reii·
1314 2321 1469 2422 ἑκάστης
1486 2322 1702 2408 ὑποθέσεως
1721 2320 1899 2422 δύναμιν.
1964 2328 2130 2424 Denique
2152 2323 2263 2394 manlie-

269 2464 347 2514 eere
362 2433 467 2510 etiam
483 2433 623 2530 Synodi
638 2424 883 2502 Tridentinae
896 2429 1035 2498 decreta
1051 2439 1086 2496 et
1102 2423 1264 2508 luterim,
1314 2429 1509 2502 atissimurn
1524 2442 1595 2516 est,
1619 2430 1788 2501 anteferri
1801 2437 1964 2524 oportere.
1983 2433 2078 2502 dieta
2091 2429 2201 2500 diviua
2214 2445 2263 2494 non

269 2542 425 2637 denique
455 2557 580 2608 omnes
608 2532 826 2626 corruptelas
852 2553 933 2600 eum
958 2527 1180 2600 consessione
1201 2527 1263 2596 illa
1315 2532 1482 2623 ambigua
1506 2546 1542 2604 et
1561 2533 1817 2604 consuetudine
1839 2547 1873 2603 et
1894 2533 2038 2626 scriptis
2059 2531 2206 2604 omnium
2222 2521 2266 2596 ho·

271 2655 480 2742 pugnantes.
538 2633 805 2708 Affirmavimus
837 2656 904 2704 nos
929 2627 998 2702 Dei
1028 2629 1200 2700 beneficio
1230 2641 1264 2698 et
1317 2635 1467 2709 minum.
1515 2629 1605 2705 Esse
1620 2649 1738 2705 antem
1755 2635 1794 2704 in
1811 2630 2078 2708 Monacborum
2096 2629 2265 2704 doctriuttt

272 2771 346 2822 csse
367 2740 546 2818 Ecclesiae
576 2737 734 2842 membra
765 2749 799 2807 et
821 2731 899 2806 Deo
925 2733 1088 2816 iuvante,
1127 2753 1265 2823 semper
1315 2733 1513 2808 Pontificiis
1543 2736 1692 2808 decretis
1719 2737 1831 2808 multa
1861 2737 1980 2830 palam
2011 2733 2195 2832 pugnantia
2212 2749 2264 2799 cun

271 2847 451 2930 Ecclesiae
470 2843 563 2914 cives
585 2861 772 2912 mansuros
786 2861 874 2908 esse.
923 2832 1064 2907 Deinde
1079 2835 1125 2905 ad
1140 2835 1264 2927 dispu·
1316 2838 1420 2910 dictis
1453 2837 1608 2924 divinis,
1642 2838 1679 2908 in
1712 2839 1843 2934 quibus
1873 2841 1975 2911 nulla
2005 2855 2059 2914 eat
2089 2831 2263 2926 ambiguitas.

269 2954 441 3026 tationem
461 2943 681 3016 accessimus.
726 2939 908 3012 Sensimus
922 2961 989 3008 nos
1003 2961 1145 3032 quoque
1158 2959 1265 3028 opor·
1316 2939 1407 3014 Cum
1430 2955 1548 3018 autem
1570 2940 1735 3035 iniquum
1759 2942 1806 3012 sit
1825 2944 2072 3016 adversarium
2101 2938 2261 3012 constituere

239 3069 344 3130 'tere
360 3055 398 3122 in
414 3047 571 3122 Ecclesia
587 3043 717 3116 iudicia
733 3065 818 3112 esse.
860 3038 939 3110 'Sed
956 3064 1029 3110 non
1046 3038 1266 3110 admittimus
1318 3040 1495 3128 ludicem,
1528 3067 1595 3113 nos
1616 3069 1657 3113 eo
1682 3043 1759 3136 ipso
1778 3047 2076 3117 consuetudinem
2092 3034 2255 3115 Pontificum

271 3157 426 3230 iudicem
447 3171 659 3221 consensum
674 3145 797 3228 illum,
822 3146 867 3214 de
883 3167 955 3237 quo
973 3141 1041 3234 ipsi
1057 3141 1267 3235 loquuntur,
1318 3145 1414 3216 nolle
1441 3143 1597 3216 ludicem
1621 3167 1713 3225 esse,
1743 3147 1828 3240 quia
1849 3172 1925 3218 eam
1948 3161 2122 3244 tanquam
2147 3143 2256 3213 adtau-

272 3259 337 3354 qui
359 3277 435 3328 non
456 3266 508 3324 est
523 3261 733 3346 perpetuus,
758 3247 819 3316 sed
836 3259 888 3317 est
904 3246 1122 3316 consuetudo
1141 3241 1267 3316 Ponti·
1318 3247 1408 3317 riam
1424 3248 1612 3339 praecipue
1629 3271 1844 3323 accusamus.
1896 3245 2055 3334 Contra,
2084 3247 2138 3319 illi
2157 3243 2193 3314 ad
2208 3256 2263 3306 son

273 3362 372 3446 ficia,
409 3358 544 3449 inqua
574 3351 685 3424 multa
717 3348 895 3422 contraria
929 3344 1095 3420 vetustati
1128 3359 1265 3437 recepta
1318 3349 1410 3420 eicie
1434 3351 1569 3444 delapsi
1593 3363 1696 3434 sunt,
1721 3373 1788 3419 nos
1808 3366 2018 3442 arrogantes
2034 3375 2127 3434 esse,
2150 3343 2269 3440 quiasu-

274 3477 369 3536 sunt.
405 3457 581 3528 Volumus
598 3467 713 3524 eutem
731 3476 891 3522 normam
908 3472 981 3519 esse
1000 3447 1266 3540 iudiciiscripta
1317 3453 1526 3524 teierremus
1546 3465 1684 3523 nostras
1709 3453 1901 3524 sententias
1922 3455 2114 3542 vetustati,
2141 3461 2172 3520 et
2192 3457 2273 3516 tanen

273 3559 484 3659 Propltetica
511 3572 545 3630 et
563 3553 787 3650 Apostolica,
813 3567 846 3624 et
863 3551 1046 3647 Symbola.
1098 3548 1156 3620 llli
1180 3575 1266 3620 con·
1318 3554 1504 3626 internos
1534 3579 1676 3649 quoque
1705 3555 1942 3628 dissensiones
1971 3581 2064 3634 esse.
2128 3538 2275 3624 Haeclnll

273 3687 328 3742 tra
352 3664 613 3740 conscendebant
636 3681 716 3730 ctun
740 3657 868 3748 scripta
887 3648 1096 3745 prophetica
1115 3666 1149 3722 et
1167 3651 1266 3744 Apo·
1318 3657 1432 3750 prima
1455 3649 1638 3752 σύρῤαξις.

273 3770 396 3844 stolica
409 3768 481 3838 sint
495 3763 669 3854 ambigua,
684 3759 951 3832 anteferendum
968 3778 1041 3826 esse
1055 3777 1264 3826 consensum

274 3876 392 3956 illum,
416 3883 585 3962 tauquam
602 3865 829 3952 interpretem
845 3884 920 3929 nen
937 3858 1099 3950 ambigue
1114 3857 1265 3952 loquen-
1419 3858 1544 3932 Postea
1570 3856 1735 3930 inchoata
1758 3875 1793 3931 ct
1810 3859 2007 3952 disputatio
2024 3865 2071 3932 de
2085 3869 2216 3954 peccato
2230 3845 2279 3918 ori·

274 3991 357 4050 tem.
401 3967 470 4042 llic
485 3965 807 4038 relutatioanobis
822 3957 981 4032 instituta
997 3973 1061 4046 est,
1085 3972 1120 4032 et
1131 3962 1264 4032 dictum
1317 3963 1428 4055 ginis,
1451 3964 1611 4035 ubicum
1629 3963 1814 4034 manifeste
1831 3965 1983 4035 absurda
1999 3965 2187 4044 dixissent,
2206 3973 2280 4024 enss-

275 4081 320 4150 de
353 4089 504 4168 utraque
533 4083 654 4161 parte.
686 4069 732 4136 de
762 4063 975 4134 certitudine
1000 4057 1203 4155 Prophetici
1232 4077 1264 4134 et
1317 4068 1466 4157 gitatum
1500 4077 1553 4136 est
1576 4065 1693 4135 abeis
1716 4066 1905 4136 consilium
1933 4063 2175 4158 abrumpendi
2197 4053 2281 4126 collo·

277 4174 475 4271 Apostolici
497 4169 683 4242 sermonis.
730 4165 871 4238 Deinde
893 4167 939 4236 de
963 4160 1266 4255 bocargumento,
1317 4168 1408 4262 quii.
1467 4163 1517 4239 Ut
1535 4168 1628 4258 apud
1651 4160 1928 4263 Xenophontem
1952 4170 2105 4262 quidam
2128 4167 2171 4236 de
2191 4151 2283 4229 Lace·

184 4302 193 4314 “
273 4293 464 4378 perpetuus
481 4295 674 4346 consensus
686 4271 732 4342 sit
747 4291 884 4344 norma.
923 4265 1153 4339 Consuetudo
1169 4265 1265 4338 Pon·
1318 4265 1526 4340 daernont‘t's
1552 4269 1659 4354 dixit,
1690 4269 1741 4339 sic
1768 4294 1848 4339 cum
1877 4270 1929 4340 eis
1953 4271 2096 4343 bellum
2120 4261 2283 4360 gerendum

273 4385 382 4458 tiicia
398 4393 451 4452 est
464 4389 655 4470 perpetuus
671 4393 873 4445 consensus.
906 4366 1018 4462 Igitur
1033 4371 1265 4452 consuetudo,
1318 4395 1410 4458 esse,
1435 4385 1476 4443 ut
1495 4371 1593 4441 domi
1616 4371 1850 4462 dissipentur,
1880 4372 1973 4445 sicot
1992 4395 2080 4466 apes
2101 4373 2196 4444 lumo
2215 4364 2285 4432 lacto

274 4511 382 4585 quam
398 4481 467 4575 ipsi
483 4477 717 4550 nominabant
738 4489 945 4568 perpetuum
963 4495 1194 4552 consensum,
1220 4472 1264 4542 sit
1318 4475 1385 4545 sub
1414 4472 1562 4545 alveolis
1590 4475 1694 4544 facile
1723 4487 1758 4544 et
1782 4487 1859 4546 tuto
1882 4475 2124 4568 dissipantem
2165 4468 2219 4540 Sic
2237 4455 2284 4536 illi,

276 4611 412 4664 nonna.
463 4582 571 4653 Plura
597 4573 656 4650 hic
681 4581 726 4648 de
746 4577 886 4645 minore
907 4574 1080 4654 diximus,
1107 4575 1190 4669 quia
1214 4588 1264 4644 est
1318 4568 1737 4672 etiamsiXenopltontem
1753 4600 1829 4646 non
1843 4577 1976 4667 legunt,
2002 4591 2127 4648 tamen
2143 4569 2207 4644 ltoc
2221 4585 2286 4634 rou

275 4691 385 4782 magis
406 4684 630 4780 perspicuum
652 4671 884 4773 κρινόμενον.
931 4675 1081 4749 Certum
1102 4690 1154 4748 est
1171 4677 1266 4746 mul·
1317 4679 1436 4750 silium
1454 4679 1686 4762 invenerunt,
1713 4692 1838 4770 petunt
1853 4679 1930 4750 fieri
1944 4691 2032 4751 tune
2046 4677 2166 4750 statim
2183 4665 2286 4740 multas

275 4813 329 4868 tas
343 4789 532 4884 opiniones
547 4796 669 4856 contra
684 4797 836 4854 veterem
854 4779 1073 4862 doctrinam,
1099 4793 1134 4850 et
1152 4779 1265 4852 multa
1318 4781 1649 4866 condemnationes,
1678 4771 1989 4874 Cinglitrnorum,
2016 4770 2220 4852 Osiandrt',
2242 4759 2287 4837 ll·

275 4903 413 4968 decreta
444 4886 619 4992 contraria
651 4884 760 4956 veteri
782 4879 961 4952 Ecclesiae
985 4893 1125 4972 recepta
1150 4903 1265 4950 essea
1318 4879 1439 4980 lyrici.
1488 4879 1675 4974 Respondi
1696 4883 1874 4968 modeste,
1908 4879 1951 4955 In
1973 4879 2035 4954 his
2052 4877 2288 4963 mateuttopus

207 5076 227 5096 1
275 4993 483 5071 pontificiis.
516 4987 745 5060 Manifestum
762 4998 813 5056 est
828 4983 948 5074 igitur,
971 4983 1263 5056 consuetudinem
1318 5009 1391 5055 esse
1414 4985 1664 5078 explicatione,
1694 4999 1730 5054 et
1750 4985 1984 5077 explicatione
2001 4987 2096 5056 lacta
2113 4969 2289 5065 insingnlit

275 5099 498 5173 Pontifieiam
516 5117 589 5162 non
605 5114 677 5160 esse
691 5101 902 5182 perpetuum
919 5107 1143 5158 consensum.
1194 5085 1265 5158 De·
1319 5085 1492 5170 articulis,
1525 5089 1652 5158 ordine
1674 5109 1741 5158 uos
1760 5089 1921 5159 adituros
1941 5109 2017 5158 esse
2040 5074 2290 5157 condemnatio·

275 5217 409 5274 cretum
430 5199 475 5268 de
495 5195 687 5276 coelibatu,
711 5189 889 5260 invocatio
903 5199 1126 5256 mortuorum
1146 5180 1264 5256 homi·
1318 5211 1402 5281 nes,
1435 5190 1516 5282 quia
1543 5192 1658 5260 nudae
1679 5191 1819 5260 suturae
1843 5204 1959 5276 esseut
1983 5189 2183 5278 ambiguae.
2228 5173 2289 5246 Hac

275 5329 381 5390 num,
407 5296 686 5388 circumgestatio
709 5289 813 5385 panis
837 5300 921 5358 suut
942 5287 1062 5377 ignota
1086 5289 1264 5360 vetustati.
1319 5291 1542 5362 excusatione
1565 5293 1711 5374 reiecta,
1738 5291 1793 5361 illi
1808 5315 1882 5362 non
1897 5292 2075 5364 desinunt
2092 5297 2289 5383 pererecon·

274 5409 315 5480 si
337 5419 487 5478 veterem
504 5397 698 5472 Ecclesiam
722 5403 974 5485 sequerentur,
1009 5389 1127 5460 statim
1151 5390 1266 5462 aboli-
1319 5395 1573 5464 damnatioues.
1612 5393 1682 5466 llic
1699 5395 1853 5484 collegae
1873 5392 2005 5476 nostri,
2027 5393 2094 5487 qui
2110 5405 2207 5461 antea
2219 5399 2289 5450 con·

207 5509 214 5518 ’
272 5525 372 5582 tucos
395 5531 468 5578 esse
494 5500 624 5572 multos
641 5497 792 5568 viciosos
808 5493 936 5566 cultus.
987 5487 1262 5568 Antelerendam
1317 5491 1820 5568 damnationesexhibuerant
1843 5497 2190 5588 tegatisnostrorum
2204 5481 2291 5556 Prin·
