4738 6186
99 249 235 386 roe
333 269 389 314 ’·
617 301 1583 386 -uetseonsnuuntnxtu,1⁶5⁸.
2067 315 2143 391 roe

96 506 205 579 quam
226 473 516 574 Philosophiam,
548 494 625 552 tum
646 482 751 554 etiam
764 473 866 552 hane
881 494 1016 572 partem
1034 503 1092 549 re·
1145 473 1381 572 Eloquentiae
1396 481 1530 567 studia,
1561 505 1651 576 quae
1673 483 1702 552 si
1724 485 1868 578 quando
1889 485 2004 555 colere
2025 489 2141 560 nostri

95 608 248 680 purgare
261 599 366 679 atque
382 585 579 654 instaurare
589 597 793 678 coeperunt.
827 581 1094 668 Mirorautem,
1145 575 1309 653 homiues
1331 581 1520 673 incipient,
1552 607 1655 677 spero
1679 583 1874 662 Herculem
1899 589 2052 684 aliquem
2077 615 2140 660 ex.

96 712 162 764 our
178 683 371 777 Theologis
388 686 460 756 tuis
483 697 616 758 tantam
634 681 888 780 Philosophiae
907 685 1090 756 scientiam
1144 683 1323 754 oriturum
1349 706 1440 770 esse,
1475 685 1537 778 qui
1554 661 1721 759 mohstris
1736 689 1808 758 illis
1823 688 1947 760 orbem
1961 705 2137 763 terranem

97 790 257 874 tribuas,
283 813 364 860 curn
379 811 398 858 a
412 779 719 870 Mathematieis,
742 811 832 883 quae
848 802 898 858 est
912 782 1010 858 haud
1024 789 1091 858 du·
1144 785 1289 871 liberet,
1322 785 1454 880 quique
1475 783 1727 882 Philosophiae
1750 807 1784 864 et
1804 785 2048 864 Christianae
2070 785 2137 866 do-

94 894 159 970 bie
175 885 625 986 praeeipuaPhilosophiae
640 913 740 982 pars,
765 891 869 961 valde
882 889 972 962 nudi
987 903 1092 984 atque
1145 888 1280 958 ctriuae
1302 887 1463 958 nativum
1487 890 1593 960 decus
1617 896 1791 968 restituat.
1849 893 1969 990 Atque
1983 897 2073 966 adeo
2093 900 2139 968 ad

97 995 226 1088 inopes
247 993 337 1080 sint,
369 1016 459 1087 quos
481 994 625 1087 quidem
645 1007 683 1063 tu
696 987 786 1062 rnihi
801 993 989 1086 producis,
1023 987 1092 1062 ho·
1145 986 1236 1061 hanc
1251 991 1393 1060 laudem
1408 995 1656 1082 expetendam,
1685 997 1836 1066 excitare
1855 1011 1906 1082 te,
1931 989 2037 1084 Pice,
2062 1024 2139 1076 nou

97 1099 216 1170 mines
238 1096 438 1187 religiosos,
469 1097 554 1169 satis
572 1088 804 1164 Thrasoniee
829 1097 873 1166 de
897 1119 935 1164 se
950 1094 1091 1186 praedi·
1145 1091 1322 1179 desinam,
1356 1117 1461 1185 quem
1479 1107 1513 1164 et
1527 1095 1671 1186 ingenio
1686 1099 1873 1184 excellere,
1905 1101 2138 1174 etdoetrinae

97 1215 231 1274 cantes.
297 1197 462 1268 Viximus
487 1198 660 1283 celebres,
699 1213 735 1269 et
760 1198 920 1269 vivemus
949 1219 1025 1266 non
1053 1195 1092 1264 in
1144 1195 1311 1266 varietate
1340 1195 1540 1286 praeditum
1577 1221 1669 1286 esse,
1709 1215 1743 1272 et
1773 1204 1897 1271 ardere
1931 1203 2138 1274 incredibili

98 1297 233 1376 scholis
250 1297 590 1386 Grammaticorum,
623 1301 686 1370 uhi
699 1302 744 1370 de
758 1295 901 1372 Niobes
917 1299 1000 1368 filiis
1016 1299 1090 1368 dis·
1144 1298 1299 1390 quodam
1331 1297 1450 1368 studio
1482 1300 1642 1372 veritatis
1671 1301 1957 1393 investigandae,
1991 1319 2026 1376 et
2047 1301 2137 1377 Elo-

94 1417 243 1498 putant,
270 1404 330 1474 sed
353 1402 392 1472 in
418 1403 559 1473 coronis
584 1397 906 1496 Philosophorum,
935 1402 1000 1472 ubi
1023 1395 1092 1470 hu·
1144 1398 1289 1492 quentia
1310 1399 1355 1468 ad
1377 1422 1433 1469 res
1455 1412 1570 1472 tantas
1587 1403 1816 1478 illustrandas
1831 1408 2045 1480 instructum
2062 1431 2138 1480 esse

96 1529 286 1578 manarum
310 1517 345 1576 et
369 1505 574 1576 divinanrm
593 1528 713 1576 rerum
739 1519 896 1576 oratores
913 1527 1093 1599 quaerun-
1144 1502 1262 1575 video.
1310 1499 1402 1570 Nam
1428 1501 1458 1571 si
1480 1517 1532 1575 est
1552 1500 1710 1576 hominis
1728 1503 1958 1600 Philosophi,
1988 1523 2137 1582 atcerte

96 1601 169 1682 tur.
223 1605 489 1678 Vixerintsane
509 1607 674 1680 celebres.
725 1605 805 1677 Non
823 1607 919 1676 enim
935 1606 1091 1678 invideo.
1145 1617 1216 1690 est,
1246 1604 1286 1672 iu
1310 1606 1464 1676 eruenda
1483 1619 1590 1700 atque
1615 1611 1858 1700 patefacienda
1883 1612 2028 1682 veritus
2046 1614 2138 1683 bene

96 1709 194 1782 lllud
210 1721 328 1780 autem
343 1709 513 1801 optarim,
547 1711 591 1778 de
604 1703 747 1781 Niobes
764 1709 847 1778 tiliis
868 1732 927 1778 eos
942 1721 1091 1798 nugatus
1145 1705 1280 1776 mereri.
1294 1707 1339 1775 de
1359 1719 1434 1778 toto
1450 1729 1576 1795 genere
1592 1705 1769 1800 humano,
1802 1727 1835 1784 te
1851 1737 1954 1784 verae
1970 1709 2138 1786 Philoso-

16 1859 20 1874 ·
96 1835 173 1883 esse
189 1813 324 1902 potius,
350 1835 457 1906 quam
471 1813 657 1882 istomodo
673 1811 797 1882 lusisse
817 1812 854 1880 in
869 1807 1090 1880 Ecclesiasti-
1144 1802 1247 1899 phiae
1269 1809 1429 1880 deditum
1449 1809 1487 1880 in
1506 1805 1598 1882 hanc
1619 1837 1740 1884 euram
1763 1815 1916 1886 maxime
1930 1816 2137 1888 incumbere

96 1938 139 1989 es
155 1915 337 1996 doctrina,
367 1914 429 2009 qui
456 1937 538 1986 cum
557 1937 736 1984 sacrarum
760 1911 943 1984 literarum
957 1935 1090 1982 sermo·
1143 1910 1242 1978 omni
1273 1911 1392 1980 studio
1422 1914 1539 1998 decet,
1572 1927 1612 1984 ut
1634 1915 1807 2010 collapsas
1834 1931 1926 1989 artes
1952 1919 2138 1994 instaures·

94 2041 180 2086 nem
198 2041 272 2088 non
285 2016 544 2106 intelligerent,
577 2039 658 2086 eum
676 2015 814 2084 nullam
834 2011 1008 2086 haherent
1025 2038 1090 2083 an·
1143 2011 1265 2105 Neque
1285 2031 1372 2082 vero
1396 2015 1561 2084 meritum
1581 2017 1697 2088 ullum
1724 2021 1838 2090 maius
1862 2033 1923 2091 aut
1947 2021 2138 2112 gloriosius

96 2119 472 2208 tiquitatisnotitiam,
499 2117 1091 2210 cumiudieiiiuopiavetereseon·
1143 2115 1344 2184 ducendum
1369 2127 1420 2184 est
1442 2117 1536 2186 inter
1559 2111 1739 2204 homines,
1772 2148 1852 2194 cum
1879 2123 2024 2196 veritate
2044 2117 2139 2192 nihil

96 2217 290 2290 troversias
306 2241 346 2288 ac
359 2219 552 2289 sententias
566 2232 742 2289 nonrecte
756 2221 972 2312 acciperent,
995 2217 1091 2289 mul·
1143 2217 1187 2286 sit
1210 2217 1352 2286 melius:
1395 2209 1552 2312 ἀλήθεια
1577 2217 1653 2320 γὰρ
1687 2217 1841 2296 πάντων
1868 2219 1947 2318 μὴν
1973 2222 2138 2325 ἀγαθῶν

95 2335 153 2392 sas
182 2335 386 2408 sparserunt
415 2319 456 2390 in
475 2315 633 2392 Ecclesia
659 2321 788 2414 impias
810 2335 845 2393 et
874 2321 1090 2416 perniciosas
1141 2319 1245 2398 θεοῖς
1270 2314 1433 2418 ἡγεῖται,
1470 2313 1631 2395 ’πάντων
1651 2319 1689 2397 d'
1715 2319 1952 2422 ἀνθρώποις,
1993 2343 2033 2398 ut
2055 2349 2137 2418 gra-

95 2420 298 2511 opiniones.
349 2420 467 2511 Quam
482 2435 567 2493 sunt
582 2422 695 2516 inepti
712 2447 792 2494 cnm
810 2425 1091 2516 interpretantur
1141 2413 1524 2498 vissimedixitPlato.
1575 2423 1630 2496 Ac
1644 2426 1714 2497 iam
1729 2429 1812 2522 quia
1829 2431 2007 2520 specimen
2019 2433 2137 2522 quod-

92 2517 292 2612 Prophetas
309 2537 343 2594 et
358 2517 553 2594 Paulum?
603 2523 683 2612 Qua
702 2527 741 2595 in
762 2549 802 2596 re
819 2527 984 2618 inprimis
1000 2526 1089 2596 ridi·
1142 2526 1222 2594 dam
1240 2524 1435 2616 praebuisti
1456 2539 1599 2596 tuorum
1623 2531 1843 2615 studiorum,
1879 2531 1916 2600 in
1936 2533 2137 2626 quosigni-

91 2627 216 2696 culum
242 2639 293 2696 est
320 2619 484 2696 homines
507 2622 754 2707 Diateettcos,
797 2631 931 2724 quique
954 2630 993 2698 in
1016 2653 1088 2698 una
1141 2627 1242 2712 ficas,
1283 2627 1451 2720 pleraque
1481 2627 1548 2700 tibi
1576 2629 1614 2700 in
1649 2633 1828 2703 veteribus
1855 2635 2136 2724 congerrouibus

92 2726 157 2798 illa
173 2739 249 2798 arte
263 2727 547 2814 consenuissent,
572 2751 749 2823 nusquam
766 2731 906 2819 videre,
937 2733 973 2800 id
991 2733 1086 2824 quod
1141 2729 1230 2814 tuis,
1265 2751 1339 2796 non
1357 2731 1502 2820 probari
1512 2785 1522 2820 ,
1550 2755 1590 2802 ac
1607 2757 1735 2804 novam
1752 2735 1931 2830 quandam
1948 2736 2136 2821 rationem,

90 2841 168 2900 erat
182 2825 403 2915 Dialectici,
438 2831 525 2925 quid
547 2847 722 2922 proponat
742 2827 879 2903 David
897 2847 961 2904 aut
983 2826 1086 2901 Pau·
1141 2847 1215 2902 tum
1241 2832 1286 2900 ad
1307 2827 1597 2924 Philosophiam,
1628 2849 1705 2906 tum
1729 2841 1771 2906 ad
1797 2831 2036 2928 Theologiam
2059 2851 2134 2910 tra-

91 2927 174 3018 las,
209 2956 300 3026 quae
323 2933 394 3002 sint
414 2935 517 3004 initia
542 2949 849 3021 argumentorum,
883 2937 944 3030 qui
964 2935 1086 3007 exitus.
1140 2929 1477 3020 ctandamadhibes,
1498 2940 1711 3028 magnamin
1726 2963 1821 3032 spem
1838 2939 1994 3010 eruditos
2010 2963 2135 3011 omnes

92 3033 203 3109 Tales
220 3037 429 3124 interpretes
443 3037 481 3105 in
498 3036 605 3105 sacris
624 3036 736 3106 literis
751 3061 832 3108 vere
848 3052 931 3108 sunt
947 3035 1027 3110 ὄνοι
1047 3036 1087 3108 ἐν
1140 3036 1293 3108 erexisti.
1351 3032 1546 3130 Reliquum
1575 3055 1626 3112 est
1657 3053 1696 3111 ut
1726 3043 1816 3111 bene
1846 3067 2032 3132 precemur
2056 3043 2134 3116 tibi.

98 3129 221 3232 μύρῳ,
255 3151 296 3207 ut
319 3137 424 3226 vulgo
448 3141 585 3210 dieunt.
645 3137 767 3233 ltaque
781 3163 862 3210 cum
886 3163 1085 3210 sermonem
1139 3137 1236 3208 Haec
1259 3137 1327 3208 tibi
1350 3141 1575 3210 rescribenda
1593 3165 1666 3213 esse
1690 3143 1797 3227 duxi,
1831 3145 2135 3238 nonquodarbi-

98 3259 169 3306 non
184 3255 471 3332 assequerentur,
506 3263 633 3308 novam
652 3243 830 3334 quandam
850 3237 1084 3333 Theologiam
1138 3243 1308 3312 trarerde
1323 3235 1379 3310 his
1395 3241 1522 3312 studiis
1536 3243 1631 3312 aliud
1650 3255 1722 3314 esse
1737 3261 1860 3332 tuum,
1891 3271 1997 3342 quam
2014 3271 2133 3318 meum

91 3333 416 3414 architectatisunt.
466 3341 644 3414 Centones
665 3344 899 3434 scripserunt,
932 3345 1084 3438 qu'orum
1138 3344 1333 3422 iudicium,
1365 3345 1425 3412 sed
1449 3347 1544 3436 quod
1569 3349 1766 3417 statuebam
1792 3363 1930 3438 gratum
1962 3349 2029 3418 tibi
2054 3349 2133 3418 olfi-

88 3464 219 3532 magna
235 3467 315 3536 pars
332 3456 478 3514 consuta
495 3457 600 3530 estex
614 3445 915 3535 disputationibus
933 3447 1084 3536 puerili·
1138 3445 1231 3514 cium
1263 3469 1382 3512 meum
1409 3445 1503 3530 iore,
1539 3449 1709 3540 quoniam
1741 3475 1797 3518 me
1826 3451 1871 3518 ad
1905 3451 2132 3522 scribendum

86 3547 178 3631 bus,
236 3569 327 3640 quae
360 3547 539 3636 agitantur
582 3544 621 3614 in
661 3547 820 3638 ipsorum
860 3543 1084 3619 Dialectiea.
1138 3567 1373 3639 provocasses.
1425 3543 1660 3640 Quanquam,
1690 3551 1888 3620 uttudicis
1909 3545 2131 3622 stomachum

85 3647 208 3720 Tanta
232 3649 287 3718 eis
308 3660 362 3718 est
382 3645 667 3732 consuetudinis,
698 3665 738 3721 ut
765 3651 901 3739 puerile
926 3649 1082 3720 studium
1136 3649 1202 3721 tibi
1233 3671 1376 3717 movere
1403 3647 1575 3739 quosdam
1599 3647 1890 3738 Grammatistas,
1920 3653 1983 3747 qui
2004 3651 2132 3722 leviter

84 3775 135 3822 ne
164 3773 264 3820 senes
288 3751 433 3845 quidam
458 3753 637 3840 deponere
659 3751 805 3842 possint.
863 3749 1003 3821 Deinde
1027 3773 1082 3820 as-
1136 3750 1328 3840 degustatis
1360 3747 1486 3840 primis
1518 3751 1672 3840 artibus,
1712 3777 1797 3844 prae
1824 3779 1861 3823 se
1891 3749 2130 3846 Philosophos

82 3865 200 3926 suunt
213 3877 323 3945 pauca
336 3857 508 3946 quaedam
525 3855 687 3942 dogmata
702 3849 966 3942 Ecclesiastica,
992 3877 1083 3948 quae
1135 3863 1385 3935 contemnunt,
1417 3849 1464 3920 ita
1489 3873 1552 3942 ego
1569 3855 1680 3926 multo
1703 3855 1830 3926 iustius
1846 3879 2032 3928 succenseo
2049 3881 2130 3928 mo·

84 3950 412 4048 noureprehendo.
462 3955 532 4030 Sed
548 3957 722 4048 quaedam
738 3958 782 4026 de
797 3957 959 4027 maximis
975 3957 1081 4025 rebus
1134 3955 1223 4025 rosis
1239 3953 1472 4048 quibusdam,
1506 3954 1663 4048 quicum
1680 3983 1783 4028 verae
1800 3953 2052 4052 Philosophiae
2070 3958 2128 4028 in-

84 4057 485 4148 sceleste·corrumpunt
508 4058 596 4150 ipsi,
628 4057 667 4126 in
692 4060 824 4154 quibus
845 4083 912 4131 nec
928 4059 1081 4150 scriptu·
1133 4055 1312 4128 festissimi
1334 4049 1451 4126 hostes
1481 4055 1571 4144 sint,
1605 4071 1722 4132 tamen
1746 4055 1999 4154 Philosophiae
2021 4061 2126 4132 titulo

84 4183 166 4244 rae,
199 4183 263 4232 uec
277 4159 504 4253 Syuodorum
520 4161 627 4230 verba
642 4151 865 4252 intellig'unt,
896 4185 936 4233 ac
957 4173 1081 4232 serunt
1133 4173 1296 4249 regnant,
1328 4183 1368 4226 ac
1386 4157 1542 4228 mirabili
1565 4163 1845 4256 conspiratione,
1878 4177 1911 4234 et
1934 4161 2026 4233 odiis
2043 4187 2125 4255 per-

84 4261 219 4353 impias
241 4277 275 4332 et
297 4264 468 4334 fanaticas
489 4263 689 4354 opiniones.
747 4263 901 4360 Reliqua
921 4277 1079 4356 estpars,
1131 4253 1358 4334 tinacissimis
1373 4260 1569 4348 obsistunt,
1596 4267 1798 4360 quominus
1813 4264 2035 4336 reflorescere
2049 4287 2125 4334 me-

84 4389 180 4460 quae
196 4359 302 4436 habet
318 4365 476 4436 infinitas
490 4365 731 4459 quaestiones,
765 4369 808 4438 de
824 4363 989 4438 humanis
1006 4380 1079 4437 tra·
1131 4365 1220 4436 liora
1243 4363 1360 4436 studia
1385 4365 1534 4454 possint.
1586 4359 1719 4461 Scrip'si
1742 4369 1851 4459 igitur
1873 4367 2046 4462 quaedam
2063 4359 2124 4434 hic

83 4467 306 4554 ditionibus,
332 4481 374 4540 ut
387 4483 534 4548 vocant,
560 4467 604 4535 de
620 4490 689 4561 qua
703 4463 816 4542 totta
827 4465 930 4570 ὑγιὲς
943 4471 1079 4540 dicunt.
1130 4466 1307 4560 asperius,
1339 4487 1385 4533 ne
1405 4463 1464 4536 isti
1488 4490 1543 4536 me
1559 4471 1794 4558 patrocinium
1819 4483 2022 4540 nostrarum
2040 4465 2123 4536 lite-

84 4567 143 4642 Ac
158 4571 204 4640 de
221 4583 295 4640 toto
316 4564 384 4640 hoc
399 4591 525 4660 genere
540 4577 660 4639 eoram
674 4570 784 4642 tutius
805 4573 871 4642 erit
886 4563 1080 4666 disputare,
1130 4593 1252 4642 ranam
1286 4567 1453 4638 abiecisse
1483 4567 1741 4658 existimarent;
1784 4593 1874 4666 quae
1906 4593 1987 4640 cum
2015 4567 2121 4659 leges,

83 4672 151 4744 ubi
168 4696 250 4744 cum
264 4673 430 4742 evolvero
445 4686 525 4743 tuos
540 4671 743 4762 magistros,
768 4697 824 4744 res
838 4677 1001 4746 ostendet
1019 4699 1077 4744 eos
1129 4671 1217 4744 boni
1241 4669 1426 4742 consulito.
1490 4667 1557 4741 Fui
1588 4673 1682 4742 enim
1708 4667 1954 4742 vehementior
1977 4669 2121 4756 alicubi,

82 4773 207 4846 verius
230 4799 304 4846 esse
323 4767 509 4868 πιθήκους
532 4773 573 4845 ἐν
593 4767 821 4870 πορφύραις,
851 4801 956 4871 quam
980 4791 1021 4848 ut
1035 4789 1075 4848 tu
1129 4777 1215 4848 istos
1229 4772 1351 4843 animo
1377 4771 1537 4858 intuens,
1572 4797 1651 4844 curn
1675 4775 1798 4844 scirem
1824 4769 1914 4844 mihi
1937 4769 2119 4844 haedere

81 4893 208 4970 putas,
228 4873 440 4950 Alcibiadis
453 4873 613 4950 Silenos.
648 4875 756 4966 Quod
772 4891 890 4949 sutem
905 4878 955 4950 eis
970 4880 1075 4948 etiarn
1129 4863 1246 4948 veritis
1260 4899 1339 4946 cum
1356 4875 1457 4962 ipsis,
1486 4899 1591 4968 quam
1607 4889 1721 4946 tecum
1738 4891 1913 4947 certamen
1932 4899 2016 4946 esse.
2067 4872 2118 4946 Ut

82 4979 390 5050 immortalitatem
405 4979 603 5073 polliceris,
627 5002 668 5049 ac
683 4979 839 5052 victuros
860 5003 934 5052 esse
946 4981 1077 5051 confir·
1128 4995 1245 5050 autem
1259 4968 1505 5046 Stesichorum
1522 4977 1661 5060 ferunt,
1687 5002 1767 5048 cum
1789 4975 1949 5050 Helenae
1965 4978 2115 5046 formam

80 5105 181 5166 mas,
214 5082 341 5153 melius
366 5083 522 5154 ominari
545 5095 579 5153 te
605 5080 732 5164 velim,
767 5095 801 5154 et
828 5071 1073 5153 Christianae
1129 5082 1374 5174 vituperasset,
1416 5079 1545 5147 erroris
1581 5102 1730 5170 poenam
1760 5080 1927 5152 coecitate
1963 5081 2116 5162 dedisse,

79 5184 287 5270 doetrinae,
320 5197 354 5256 et
367 5183 447 5254 aliis
460 5181 618 5257 honestis
632 5183 780 5254 artibus.
833 5179 1075 5257 Euvanitatis
1127 5199 1335 5279 posteaque,
1365 5203 1444 5248 cerm
1462 5179 1678 5270 palinodiam
1695 5198 1852 5268 caneret,
1882 5183 2004 5254 oculos
2021 5207 2117 5254 rece-

76 5287 294 5382 processisse
312 5286 575 5379 disputatriccm
601 5280 834 5379 Theologiam
858 5311 984 5358 ornnes
997 5289 1074 5358 sani
1128 5287 1235 5380 pisse:
1263 5287 1311 5354 ita
1329 5295 1364 5354 te
1385 5303 1524 5374 quoquc
1541 5279 1618 5354 Deo
1633 5299 1770 5374 gratum
1786 5288 1960 5356 facturum
1976 5299 2119 5370 statues,

76 5393 259 5474 latentur,
299 5403 340 5460 ut
359 5390 517 5461 revocari
533 5391 579 5460 ad
601 5387 716 5460 sontes
740 5389 938 5460 doctrinam
959 5379 1073 5462 Chri·
1127 5391 1156 5460 si
1178 5382 1427 5480 Eloquentiam
1460 5385 1557 5454 coelo
1582 5387 1748 5457 donatam
1773 5384 1979 5458 hominibus
2004 5385 2117 5455 maxi-

72 5493 404 5566 ste'anamnecesse
417 5491 474 5570 eit.
523 5488 675 5570 Eemsd
694 5515 769 5564 rem
786 5493 973 5586 pmlutura
990 5509 1073 5570 sunt
1126 5513 1265 5563 marum
1289 5487 1483 5560 utilitatum
1509 5511 1631 5576 causa,
1663 5488 1762 5560 cuius
1782 5491 1990 5581 dignitatem
2017 5487 2118 5582 prior
