4718 6176
218 307 292 384 159
819 297 1261 380 EPISTOLARUM
1311 302 1424 380 Llli.
1449 304 1553 385 Xlll.
1607 305 1740 386 1557.
2192 317 2268 392 16⁰

220 485 260 552 in
290 479 380 554 urbe
405 473 647 574 Vangionum
675 497 757 548 aves
786 477 1039 554 convolabunt.
1099 471 1213 546 Valde
1263 465 1491 550 Clarbsimo
1513 475 1609 562 viro,
1643 477 1865 575 eruditione,
1892 484 2099 582 sapientia,
2127 498 2160 561 et
2186 490 2265 561 oir-

221 585 334 655 snulta
363 595 449 654 sunt
481 584 526 653 de
558 581 690 676 quibus
718 593 836 652 tecum
871 579 1028 674 colloqui
1061 579 1213 650 decrevi.
1263 585 1337 650 lule
1349 579 1562 677 praestanti
1579 577 1609 654 I
1613 579 1739 664 uach.
1757 577 2033 664 camerario
2048 590 2179 691 fratri
2192 617 2266 666 suo

221 684 314 756 Nam
329 685 374 756 ad
388 698 422 756 te
437 683 513 755 Deo
536 684 681 754 iuvante
704 683 887 766 accedam,
918 682 949 752 si
967 681 1035 752 iter
1048 681 1093 750 ad
1110 672 1215 750 Rlo-
1696 687 1827 764 carm,

223 811 312 858 ntem
328 811 402 858 non
417 786 660 878 suscipiemus.
693 782 794 854 Bene
807 784 897 870 vale,
922 779 1127 855 charissime
1141 782 1213 854 fra·
1264 811 1312 903 S.
1336 823 1382 902 D·
1432 823 1561 904 Iasius
1575 829 1667 904 mihi
1682 835 1817 910 intem

222 906 288 961 ter.
337 887 406 960 Die
420 887 480 962 el.
497 883 600 960 Maii.

1818 841 1917 932 genti
1933 867 2109 933 caussam,
2134 871 2201 918 cur
2217 873 2264 920 ex

1262 933 1352 1002 urbe
1372 931 1479 1024 digna
1499 935 1604 1007 laude
1619 929 1675 1034 ¹³),
1702 952 1737 1010 et
1761 967 1909 1016 munere
1929 949 2104 1020 mediocri
2126 949 2264 1020 disces-

1263 1033 1382 1121 sisset,
1406 1039 1608 1129 rcspondit‚
1633 1065 1709 1112 non
1732 1043 1838 1115 aliam
1853 1071 2012 1119 caussam
2033 1051 2161 1138 fuisse,
2188 1053 2266 1121 nisi

1264 1138 1362 1230 quod
1391 1140 1548 1212 taederet
1572 1143 1697 1214 audire
1723 1145 1839 1230 nostri
1863 1147 1980 1221 Momi
2007 1178 2194 1226 censuram
2215 1157 2266 1226 de

222 1243 415 1320 Mem
1053 1251 1113 1319 24.
1129 1243 1214 1308 Mn'i.
1263 1239 1387 1324 nobis,
1413 1254 1448 1313 et
1470 1240 1686 1316 ineruditam
1706 1260 1740 1318 et
1754 1265 1975 1327 venenatam.
2026 1254 2145 1327 Miror
2160 1259 2264 1328 unde

229 1341 403 1373 Μ
1056 1339 1200 1362 “’“”””’
1263 1340 1310 1412 sit
1324 1335 1412 1412 haec
1425 1345 1608 1421 acerbitas.
1659 1345 1730 1420 Sed
1744 1347 1820 1423 Deo
1842 1357 2154 1434 commendemus..

449 1451 579 1537 Hier·
605 1447 995 1562 Battmgarittero.
1366 1455 1471 1531 Nunc
1488 1463 1643 1534 decrevit
1657 1467 1831 1558 proficisci
1845 1463 2134 1544 hicBerourdus
2146 1471 2265 1545 Ham-

293 1627 369 1701 lipist
391 1626 650 1699 lis.v1.p.ssssq.
670 1655 705 1668 -
739 1623 791 1682 liic
803 1643 835 1678 cr
849 1625 1016 1694 autographo
1028 1625 1056 1679 ln
1070 1625 1133 1682 cod.
1147 1627 1217 1680 Mo·
1264 1559 1468 1650 burgemis’
1492 1563 1549 1634 Vir
1570 1567 1713 1654 docms’
1738 1573 1914 1662 Prndenss
1940 1590 1976 1648 ei
1996 1579 2198 1662 ῐῐὶθάθδῑΰὸ,
2225 1595 2264 1650 ei

327 1717 387 1754 nac.
405 1697 429 1756 1.
454 1716 480 1771 p.
500 1695 576 1764 ast,
607 1695 652 1751 eoi
677 1695 906 1766 Baomgarsnesus
926 1693 1086 1768 adscripto
1116 1693 1218 1767 „1552
1263 1675 1305 1732 ut
1319 1676 1372 1732 est
1386 1665 1500 1754 gentis
1514 1681 1652 1755 natura,
1678 1672 1797 1765 siquid
1812 1675 2023 1767 displicebit,
2048 1703 2124 1750 non
2139 1681 2262 1752 statim

327 1765 354 1823 ⁸·
368 1765 439 1822 tum
457 1785 506 1839 per
517 1761 738 1821 Bernbsrtuml’
1267 1787 1327 1833 seu
1343 1765 1536 1848 iudicium,
1561 1793 1622 1840 seu
1639 1773 1799 1844 dolorem
1816 1801 1920 1848 suum
1934 1794 2151 1857 ostensurus.
2207 1781 2265 1853 Tc

1265 1889 1347 1952 orn,
1379 1881 1422 1939 ut
1442 1865 1486 1938 D.
1508 1865 1738 1969 Hieronymo
1762 1903 1843 1948 eum
1873 1884 2118 1968 commendes,
2152 1909 2262 1978 quern

1264 1970 1362 2062 quod
1381 1965 1475 2038 nihil
1496 1978 1696 2065 respondit,
1731 1979 1925 2053 ratiocinor
1945 2009 2113 2078 quaerere
2134 1989 2264 2074 alium,

1265 2082 1299 2141 ct
1317 2069 1408 2140 illud
1429 2069 1597 2171 Aeschyli
1620 2079 1790 2168 cogitare,
1815 2081 1923 2166 ἄλλος
1943 2082 2034 2180 πρὸς
2056 2085 2173 2182 ἄλλην
2192 2085 2264 2162 πό-

224 2165 275 2252 S.
300 2175 346 2254 D.
396 2173 540 2249 Clariss.
553 2176 610 2245 vir
632 2187 665 2245 ct
680 2173 835 2246 Patrone
850 2175 967 2249 caries.
1018 2171 1097 2247 Etsi
1113 2201 1217 2248 voca·
1264 2177 1322 2244 im
1336 2171 1569 2272 τεταγμένος.
1620 2177 1692 2250 Sed
1708 2177 1767 2253 hic
1781 2180 2001 2257 Bernartius
2016 2192 2141 2260 urbem
2157 2193 2261 2263 illam

223 2294 323 2352 verat
344 2303 402 2348 me
423 2271 629 2348 Palatinus
651 2273 821 2363 Elector,
854 2279 900 2348 ad
923 2278 1216 2350 deliberationem
1263 2274 1385 2346 videre
1401 2278 1568 2352 decrevit.
1620 2280 1718 2354 Bene
1735 2285 1834 2374 vale,
1858 2288 2013 2364 XXllll.
2033 2291 2134 2368 Maii.

224 2385 269 2454 de
291 2379 482 2453 Academia
505 2378 663 2465 Patriae,
693 2393 728 2451 et
752 2401 875 2450 causae
905 2403 979 2449 non
1003 2380 1098 2452 leves
1124 2383 1217 2460 sint.

224 2507 289 2556 cur
311 2483 364 2554 ibi
386 2505 460 2554 esse
481 2481 644 2566 mallem,
666 2481 730 2552 ubi
751 2483 965 2574 respondere
980 2479 1217 2578 Sycophantis

222 2587 363 2672 liceret,
387 2599 506 2660 tamen
523 2584 700 2654 voluntati
714 2597 856 2652 nostrae
877 2583 978 2654 aulae
995 2587 1099 2667 cessi,
1126 2611 1217 2678 quae
1270 2615 2253 2655 -·-·-----------.-.........

222 2687 350 2781 petivit
375 2711 422 2757 ne
443 2687 671 2755 discederem.
722 2679 800 2756 Oro
819 2699 937 2755 autem
958 2685 1072 2756 filium
1087 2685 1155 2758 Dei
1177 2701 1218 2760 ut

223 2813 281 2859 me
295 2789 479 2881 gubernet.
875 2824 880 2836 ·
1263 2761 1461 2892 Q·
2082 2799 2140 2863 27.
2159 2793 2248 2858 llleii.

2077 2881 2255 2914 Μ

222 1891 798 2019 HieromBomgortnero,
824 1917 1218 1998 Senatoriinclmrbts

620 2017 820 2121 Noriberg.

2007 2406 2203 2506 Philippus.

338 2938 443 3012 Hanc
474 2937 659 3032 epistolam
693 2936 777 3009 dedi
810 2933 984 3028 Magistro
1018 2933 1217 3012 Bernardo
1309 2954 1347 3025 θ
1553 2973 1724 3064 Mam·
1753 2978 1967 3070 hallero·

163 3037 170 3044 ’
223 3037 372 3116 Moller
385 3041 668 3132 Hamburgensi,
694 3039 757 3135 qui
773 3039 875 3110 vobis
893 3039 999 3112 offert
1015 3065 1115 3112 suam
1131 3039 1216 3136 ope'-

222 3171 301 3218 ram
317 3145 357 3215 in
374 3169 416 3216 eo
430 3167 596 3229 munere,
620 3144 715 3239 quod
732 3136 762 3211 I
759 3138 861 3212 osias
876 3142 1033 3236 reliquit,
1059 3145 1213 3241 quiqui.
1362 3144 1448 3219 Epist.
1464 3146 1513 3202 lib.
1528 3145 1562 3207 v.
1580 3167 1607 3223 p.
1619 3149 1720 3226 ttisq.

223 3251 307 3321 dem
321 3241 412 3316 mihi
427 3243 679 3334 interroganti,
705 3243 888 3315 curistinc
903 3244 1133 3332 discessisset,
1157 3271 1215 3317 re-
1260 3295 1502 3374 Mauhiae
1534 3299 1714 3382 humer
1798 3312 1830 3388 S
1883 3313 1926 3388 d·
1996 3317 2048 3396 N
2083 3320 2125 3395 m

223 3349 388 3444 spondit,
418 3347 556 3417 nullam
582 3369 723 3417 causam
745 3368 837 3426 esse,
866 3345 937 3416 nisi
958 3350 1056 3442 quod
1080 3349 1216 3421 diutius
1721 3338 1761 3399 ⁰2
1824 3341 1880 3412 yn
1910 3343 1964 3393 sco
2041 3345 2084 3394 or
2128 3353 2261 3403 osona.

222 3455 348 3526 audire
363 3449 416 3521 ibi
438 3448 553 3520 nostri
568 3443 766 3520 Aristarchi
779 3470 842 3518 seu
858 3445 974 3518 Momi
989 3473 1155 3522 censuras
1170 3453 1215 3522 de
1262 3435 1312 3526 S.
1337 3449 1383 3529 D.
1435 3451 1693 3533 Honestissime
1721 3464 1796 3552 vir,
1837 3483 1871 3540 et
1901 3465 2105 3548 charissime
2134 3480 2259 3558 irater.

222 3554 329 3627 nobis
357 3551 540 3626 noluisset.
600 3547 724 3621 Vestra
750 3572 830 3640 erga
855 3571 893 3619 se
922 3549 1092 3623 beneficia
1112 3553 1216 3626 valde
1261 3552 1301 3626 Si
1324 3570 1441 3646 posset
1465 3557 1561 3647 lieri,
1590 3564 1695 3634 etiam
1713 3569 1873 3660 quotidie
1894 3573 2049 3648 libenter
2069 3581 2259 3654 vobiscum

222 3655 413 3752 praedicat.
464 3651 569 3724 Nunc
592 3675 693 3743 ergo,
723 3651 754 3722 si
776 3675 831 3722 res
855 3665 907 3722 est
928 3651 1084 3746 integra,
1118 3651 1215 3727 hunc
1261 3657 1500 3752 colloquerer,
1533 3687 1642 3756 quare
1668 3667 1823 3742 libenter
1842 3675 1886 3744 ad
1917 3701 1979 3748 vos
2004 3680 2133 3754 scribo.
2186 3683 2259 3756 Sed

221 3761 291 3832 tibi
303 3749 542 3828 Bernurdum
558 3756 715 3838 doctum,
739 3755 953 3848 prudentem
967 3769 1000 3827 et
1015 3759 1214 3830 modestum
1261 3771 1359 3830 tante
1382 3775 1435 3832 est
1465 3767 1673 3854 magnitudo
1697 3793 1837 3860 rerum,
1865 3778 2069 3872 dequibus
2092 3789 2263 3878 optarim,

222 3863 342 3932 virum
365 3859 592 3943 commendo,
616 3882 721 3952 quem
743 3855 887 3951 quidem
911 3856 982 3928 tuis
1003 3860 1161 3930 consiliis
1176 3860 1215 3930 in
1262 3884 1328 3930 nos
1342 3861 1517 3957 colloqui,
1543 3882 1584 3939 ut
1599 3872 1785 3962 complecti
1800 3875 1912 3948 literis
1927 3905 2001 3952 non
2016 3885 2159 3976 possim.
2215 3887 2259 3960 ln

221 3963 390 4037 omnibus
404 3961 727 4052 obtemperaturum
744 3981 818 4028 esse
835 3957 1009 4047 existimo,
1023 3961 1116 4032 rixas
1130 3987 1214 4032 vero
1262 3958 1466 4034 Academiis
1487 3961 1546 4038 his
1570 3969 1714 4060 vicinis,
1746 3973 1815 4048 Dei
1838 3981 2030 4070 beneficio,
2062 3991 2261 4064 mediocria

222 4064 402 4156 sapienter
415 4061 620 4133 vitaturum.
667 4058 778 4130 Vides
794 4060 893 4150 signa
906 4063 1162 4135 moderationis
1176 4064 1214 4134 in
1262 4080 1346 4137 sunt
1363 4066 1607 4142 doctrinarum
1629 4077 1766 4162 studia,
1792 4096 1826 4154 et
1847 4107 1914 4154 vor
1938 4087 2077 4172 eadem,
2103 4104 2138 4161 et
2162 4091 2262 4167 inm

221 4181 321 4256 gestu
347 4179 381 4236 et
407 4165 445 4232 in
473 4163 645 4236 oratione.
696 4157 774 4232 Oro
800 4174 917 4233 autem
935 4163 1055 4235 Deum
1081 4179 1121 4236 ut
1148 4189 1215 4236 nos
1262 4171 1781 4266 nosnonsolumconsensus,
1805 4185 1987 4258 sedetiam
2002 4215 2084 4263 vera
2099 4193 2261 4268 benevo-

221 4291 344 4340 omues
358 4267 541 4359 gubernet.
591 4262 689 4334 Bene
703 4264 793 4338 vale.
845 4263 916 4334 Die
933 4262 996 4340 24.
1011 4264 1104 4336 Maii
1120 4261 1170 4366 ⁸).
1261 4267 1370 4340 lentia
1394 4287 1536 4360 mutua,
1562 4300 1602 4346 ac
1617 4278 1733 4350 Deum
1754 4307 1915 4368 oramus,
1940 4301 1981 4360 ut
2005 4291 2079 4384 ipse
2099 4319 2168 4368 nos
2192 4323 2261 4390 gu-

909 4379 1110 4478 Phffippus,
1261 4372 1398 4450 bernet.
1449 4371 1621 4450 Servatirr
1643 4382 1738 4453 enim
1756 4381 1914 4460 Ecclesia
1934 4388 2028 4464 Filio
2045 4391 2113 4466 Dei
2137 4417 2263 4491 prote·

1262 4487 1387 4564 gente,
1412 4493 1574 4549 servante
1594 4493 1628 4552 et
1650 4486 1882 4574 gubernante.
1933 4489 2078 4584 ltaliae,
2105 4497 2263 4590 Galliae,

1261 4573 1426 4668 Belgiae,
1451 4575 1604 4672 Angliae
1625 4586 1840 4662 calamitates
1856 4592 1963 4671 scitis.
2012 4593 2152 4672 Harum
2169 4629 2260 4676 con-

1261 4677 1428 4749 sideratio
1444 4704 1591 4755 monere
1607 4702 1749 4761 nostros
1766 4693 1928 4782 debebat,
1954 4711 1995 4770 ut
2007 4701 2119 4794 magis
2136 4727 2260 4779 amare

219 4755 416 4886 Q,
1048 4761 1212 4882 Q
1261 4780 1489 4851 domesticam
1505 4791 1730 4862 concordiam
1745 4797 1939 4870 studerent.
1970 4798 2042 4873 Sed
2056 4823 2170 4880 ruunt
2184 4805 2261 4880 lm-

1260 4881 1358 4970 peria
1372 4882 1540 4958 fatalibus
1554 4892 1679 4968 causis.
1729 4893 1772 4966 ln
1787 4893 1958 4972 Paschate
1973 4905 2148 4980 exercitus
2165 4907 2263 4982 Gal·

490 4960 642 5049 loocls.
668 4959 949 5050 Canterart'o.
1261 4983 1349 5054 licus
1367 4985 1539 5077 oppidum
1554 4995 1737 5085 quoddam
1754 4998 1791 5066 vi
1806 5002 1899 5091 cepit
1912 5003 1951 5074 in
1965 5001 2128 5100 Regione
2144 5009 2263 5084 Pede·

289 5141 339 5198 E·
402 5137 533 5196 dCsmer
600 5139 660 5196 738.
678 5171 712 5184 -
743 5139 1212 5202 Nonreieceodsestcomsditorc
1261 5098 1448 5175 'nomana’
1474 5088 1670 5167 interfectis
1691 5099 1815 5172 multis
1833 5099 2025 5199 Hispauss’
2049 5124 2085 5183 et
2102 5113 2261 5220 dimisis

315 5152 415 5268 pm·
428 5211 506 5266 1558.
519 5159 587 5266 hsepd
598 5208 725 5283 epistola,
742 5211 789 5264 sed
803 5210 836 5266 acl
849 5229 913 5266 ano.
929 5211 1006 5265 1557.
1265 5257 1467 5274 ,Μ
2207 5239 2211 5249 .

221 5375 435 5394 Μ

1293 5364 1319 5432 Ι)
1338 5362 1498 5439 Noribecga.
1523 5365 1571 5424 Est
1585 5371 1790 5428 lorissllismus
1804 5375 1997 5439 Dentiscsnos.
2023 5383 2085 5441 Non
2097 5407 2174 5444 sono
2184 5395 2260 5450 1555.

897 5444 903 5453 ·
1021 5479 1024 5488 ,
1328 5435 1428 5498 scripta
1453 5450 1493 5492 cst
1516 5435 1584 5496 haec
1605 5439 1736 5512 epistola,
1762 5453 1793 5498 ut
1813 5447 1898 5501 visum
1918 5459 1958 5506 est
1982 5453 2097 5530 editori,
2120 5461 2169 5514 sed
2187 5481 2259 5520 anno

253 5501 280 5562 ⁹)
299 5497 371 5550 llnn.
390 5494 467 5551 1557.
481 5494 532 5549 slis
546 5511 641 5549 manus
655 5491 805 5566 adscripsit.
1332 5501 1405 5556 1557.
