4742 6192
216 305 300 379 aar
777 301 1221 391 .u·PtsTOLAttttM

116 483 119 494 '
229 474 286 547 his
305 478 439 559 verbis,
463 476 522 551 ’Ea
538 473 669 575 θλίψει
684 482 800 576 μικρᾷ
823 475 1010 574 ἠπαιδεία
1025 502 1095 555 σου
1118 476 1220 575 ἡμῖν.

231 577 294 651 Ait
326 583 469 649 brevem
500 605 573 652 esse
601 581 848 669 afflictionem,
884 585 967 678 quia
988 581 1095 656 huius
1118 583 1223 656 Vitae

232 682 353 752 omnia
369 683 460 752 laeta
478 697 511 754 et
527 683 640 755 tristia
654 683 849 779 aliquando
867 687 1022 760 desitura
1035 699 1129 762 sunt.
1162 687 1222 758 ln-

231 799 395 855 tueamur
409 785 518 878 igitur
531 799 709 866 aeternam
725 790 1028 879 consuetudinem,
1051 815 1141 886 quae
1156 791 1240 872 erit¹

232 910 313 956 cum
329 886 416 972 Deo,
442 901 475 959 et
490 912 557 960 nos
569 889 613 959 ad
632 913 708 960 eam
726 916 985 985 praeparemus.
1023 891 1222 968 Scriberem

232 989 334 1079 plura
352 991 381 1061 si
395 1004 534 1080 tempus
547 994 808 1064 concederetur.

334 1089 443 1162 Mitto
464 1091 656 1168 Bavaricae
672 1094 919 1189 inquisitionis
939 1123 1002 1170 seu
1023 1099 1223 1196 tyrannidis

232 1193 349 1284 potius
367 1194 554 1283 articulos,
579 1185 623 1266 de
641 1197 770 1290 quibus
786 1199 857 1268 iam
873 1201 911 1271 in
928 1203 1224 1294 praelectionibus

231 1299 334 1367 trado
349 1297 606 1389 responsiones.
657 1295 755 1372 Bene
769 1302 865 1390 vale,
892 1305 950 1374 die
967 1305 1026 1378 16.
1042 1300 1223 1391 Octobris,

231 1421 301 1491 qua
322 1395 581 1471 Demosthenes
609 1415 773 1473 mortuus
796 1419 847 1476 est
871 1420 952 1477 ante
974 1429 1088 1477 annos
1112 1408 1223 1495 1881,

231 1521 336 1592 quem
358 1501 552 1572 dolendum
576 1516 628 1574 est
650 1517 784 1576 tantam
801 1506 875 1576 vim
894 1509 1031 1600 ingenii
1052 1510 1091 1579 in
1115 1513 1223 1581 rebus

231 1601 419 1672 inutilibus
452 1605 709 1697 consumpsisse
741 1621 776 1677 et
806 1609 915 1680 fuisse
944 1613 1073 1692 σκεῦος
1099 1607 1222 1710 ὀργῆς.

230 1701 305 1772 Nos
326 1703 401 1775 Deo
420 1707 555 1794 *gratias
579 1729 724 1797 agamus
753 1711 854 1796 laeti,
886 1717 983 1806 quod
1006 1715 1051 1784 ad
1073 1715 1222 1785 meliora

229 1807 371 1893 negotia
393 1809 510 1878 vocati
532 1825 670 1894 sumus,
697 1822 730 1880 et
752 1826 913 1902 petamus
926 1829 968 1888 ut
984 1817 1223 1908 gubernemur

231 1931 249 1975 a
265 1905 358 1978 Filio
372 1907 459 1994 Dei,
484 1923 524 1980 ut
541 1910 652 1981 simus
667 1910 778 2005 σκευὴ
794 1911 923 1997 ἐλέους.

436 2023 504 2100 Ph.
518 2025 571 2096 Μ.
595 2029 674 2103 lrat.
699 2043 799 2118 tuus,
824 2057 950 2118 senex,
976 2037 1075 2131 quia
1097 2037 1221 2108 clima-

485 2130 612 2200 cterico
626 2153 720 2202 anno
735 2133 794 2209 68.
812 2159 887 2208 ιιοιι
905 2140 1030 2231 procul
1047 2140 1157 2216 abest.

225 2489 294 2566 No.
310 2491 426 2570 6010.

230 2590 403 2622 w

1056 2521 1111 2584 18.
1131 2513 1203 2580 Oct.

1038 2603 1211 2637 w

534 2701 610 2789 (ic.
639 2705 913 2819 Agricolae.

293 2875 375 2947 epu.
391 2875 440 2932 tu.
454 2879 492 2933 ιι.
513 2899 539 2950 ρ.
553 2883 614 2938 sro.
631 2885 688 2954 (ea.
709 2885 799 2941 cona.
817 2887 866 2942 ns.
880 2887 917 2945 ιι.
934 2907 978 2961 «ρ.
992 2851 1076 2961 sesi.
1096 2926 1132 2942 ..
1164 2895 1217 2954 use

327 2963 357 2999 ex
376 2950 540 3018 autographo
560 2952 589 3005 in
607 2955 670 3010 cod.
689 2953 772 3010 Goth.
791 2957 851 3013 40⁰.

250 3097 485 3203 Georgiae
511 3109 781 3204 Agricolae,
812 3113 1042 3210 gubernanti
1059 3118 1186 3196 studia

503 3207 690 3284 doctrinae
716 3214 931 3312 Ambergac.

222 3341 268 3426 S.
295 3356 339 3431 D.
391 3358 602 3434 Doctissime
617 3365 673 3435 vir
695 3380 730 3436 et
746 3363 950 3440 charissime
965 3371 1085 3448 irater.
1138 3375 1209 3450 Ve-

220 3459 283 3525 lim
300 3476 334 3529 te
351 3459 439 3530 mihi
466 3467 619 3537 scribere
634 3464 718 3564 περὶ
733 3473 800 3563 τῆς
819 3465 1029 3556 ἐξετάσεως,
1057 3501 1147 3569 quae
1169 3482 1207 3550 in

218 3562 348 3632 vicinia
362 3580 476 3636 vestra
494 3568 653 3640 instituta
669 3585 736 3655 est,
761 3575 806 3642 de
822 3599 891 3667 qua
907 3577 1010 3646 mitto
1027 3579 1130 3650 vobis
1144 3605 1208 3672 pa-

218 3664 327 3751 gellas
342 3669 479 3738 additas
500 3665 584 3740 huic
599 3667 791 3762 Epistulae.
844 3673 987 3750 lustitui
1010 3694 1126 3752 autem
1149 3709 1206 3755 re-

217 3769 425 3856 sponsiones
450 3772 495 3840 de
517 3773 668 3862 singulis
691 3777 867 3857 articulis,
902 3803 990 3872 quas
1010 3804 1112 3872 spero
1136 3787 1205 3878 piis

215 3871 419 3956 profuturas
441 3895 527 3948 esse.
577 3874 723 3946 Utinam
748 3905 833 3949 vero
857 3897 897 3951 ut
926 3883 964 3950 in
994 3885 1205 3958 adversariis

215 3971 330 4039 rabies
347 3975 480 4059 crescit,
505 3976 553 4047 ita
570 3993 699 4050 crescat
713 3977 750 4074 *)
763 3983 801 4050 in
816 3985 925 4052 nobis
935 3985 1056 4074 pietas,
1077 4003 1112 4057 et
1127 4005 1203 4061 stu·

214 4071 314 4142 dium
338 4079 564 4163 concordiae,
589 4085 794 4170 praesertim
817 4109 897 4152 cum
922 4097 991 4154 tam
1009 4089 1112 4158 multi
1137 4088 1203 4162 ho-

215 4187 283 4240 stes
311 4179 471 4271 undique
496 4176 671 4252 Ecclesias
697 4198 834 4254 nostras
858 4204 1073 4277 oppugnent.
1130 4193 1201 4265 Sed

213 4300 277 4344 oro
301 4275 433 4348 Filium
456 4280 540 4365 Dei,
565 4301 604 4355 ut
626 4309 692 4354 nos
712 4288 895 4374 gubernet.
946 4287 1055 4361 Ducis
1069 4287 1200 4365 Bava-

213 4374 283 4446 rici
296 4374 442 4450 Albuti
459 4384 567 4453 vicem
580 4388 699 4470 doleo,
725 4389 787 4479 qui
803 4404 948 4459 ornatus
963 4416 983 4461 a
999 4390 1098 4480 Deo,
1125 4421 1199 4468 non

211 4481 325 4548 solum
344 4480 581 4571 pulcherrima
602 4489 765 4577 regione,
792 4494 974 4562 sedetiam
998 4497 1141 4584 ingenio
1165 4519 1199 4573 et

207 4583 396 4672 sapientia,
419 4581 477 4656 his
492 4589 597 4657 donis
618 4614 691 4658 uon
712 4591 826 4662 utitur
838 4596 879 4662 ad
899 4601 1101 4668 ornandum
1121 4602 1198 4691 glo-

211 4684 298 4754 riam
319 4684 403 4771 Dei,
436 4703 469 4760 et
498 4690 571 4760 suis
592 4686 777 4777 Ecclesiis,
806 4719 895 4790 quae
919 4699 1097 4771 debebant
1123 4727 1197 4774 esse

207 4785 314 4856 uatus
331 4791 481 4876 patriae,
502 4816 578 4860 non
601 4793 689 4864 lenit
704 4799 926 4872 moestitiam.
978 4799 1195 4875 Adolescens

209 4884 486 4961 Strcralucherus
504 4895 608 4962 nobis
625 4919 729 4967 curae
744 4899 829 4985 erit,
863 4926 902 4970 ac
920 4903 1059 4973 decrevi
1076 4901 1193 4976 Nori-

204 5013 264 5058 ros
280 5008 419 5062 nostros
435 5019 627 5072 convocare
642 5023 780 5084 omnes,
806 5015 985 5074 uteorum
1002 5006 1118 5076 studia
1134 5010 1192 5077 iu-

203 5096 361 5181 spiciam,
382 5097 544 5175 desidero
557 5099 651 5169 enim
667 5101 706 5170 in
723 5104 937 5197 quibusdam
956 5107 1190 5196 diligentiam.

200 5193 296 5264 liene
316 5199 348 5265 et
368 5197 516 5268 feliciter
534 5202 622 5278 vale.
673 5201 742 5275 Die
766 5203 883 5276 Lucae
900 5204 1010 5282 1558.

723 5303 913 5400 Philippus
927 5305 1152 5383 Melanthon.

197 5401 279 5415 ,μμ-μ,
286 5403 423 5415 -.o—mu...-

230 5493 259 5566 *J
279 5493 362 5550 Peuc.
380 5507 528 5554 cresceret.

1271 308 1378 390 Llll.
1404 312 1506 395 Xlll.
1555 314 1697 399 1568.

1271 483 1338 556 Νο.
1352 486 1468 564 6600.

1283 582 1456 614 w

1370 679 1615 774 Testimoa.
1644 683 1697 772 a.
1728 685 1965 780 Schmidia
1993 693 2171 792 datam.

1341 844 1364 909 ⁶1·
1383 839 1421 896 Er
1434 844 1603 970 autographo
1616 845 1750 908 Melantb.
1766 849 1796 906 in
1808 852 1873 910 cod.
1886 853 2034 916 Laudabat.
2051 877 2078 933 p.
2090 859 2117 921 7.
2134 863 2202 922 mibi
2215 867 2274 922 de-

1374 913 1553 1042 uitta
1570 913 1834 1064 'diffiditis
1845 923 1971 1063 )‘⁵⁵¹¹¹¹¹‘
1985 931 2229 995 “mm
2243 937 2276 998 s.

2179 333 2256 411 648

2103 514 2271 636 Q

1680 1139 1863 1228 Precatio.
1944 1223 1947 1230 .

1424 1287 1588 1371 Aeterno
1605 1301 1765 1391 genitore
1781 1319 1862 1377 nate
1876 1305 2019 1386 Christe

1426 1394 1632 1496 Oratorque
1646 1405 1700 1490 tui
1716 1407 1798 1478 sinu
1813 1415 1968 1500 parentis

1424 1499 1559 1572 Vocem
1567 1499 1754 1595 Evangelii
1768 1511 1885 1582 ferens
1899 1518 2110 1612 docendam,

1424 1601 1543 1691 Quam
1557 1630 1623 1678 nos
1640 1609 1773 1680 discere
1791 1626 1831 1683 tu
1846 1615 1948 1689 iubes
1963 1643 2083 1696 severe

1423 1700 1472 1776 Et
1488 1731 1557 1800 qpa
1573 1711 1755 1782 mentibus
1771 1714 1898 1788 inseris
1913 1722 2056 1812 piorum

1425 1803 1563 1895 Vitam,
1585 1811 1833 1910 iusticiamque
1850 1824 2117 1918 sempiternam,

1427 1906 1487 1980 Tu
1502 1912 1557 1980 sol
1572 1912 1731 1985 iusticiae
1747 1920 1870 1991 doceto
1886 1939 2026 1998 nostrae

1426 2009 1586 2099 Mentes,
1612 2029 1646 2086 et
1661 2019 1770 2088 radiis
1786 2022 1856 2092 tuis
1872 2027 2008 2118 repleto

1422 2109 1529 2184 Acin
1544 2119 1711 2190 cordibus
1724 2123 1872 2195 excitato
1888 2127 2060 2220 flammae,

1424 2214 1560 2304 Quales
1573 2218 1629 2288 lex
1642 2234 1704 2290 tua
1718 2247 1785 2311 nos
1799 2219 1930 2299 habere
1945 2232 2049 2308 iussis

1421 2314 1498 2388 Has
1515 2323 1696 2392 accendito
1713 2323 1868 2418 Spiritus
1882 2332 2015 2424 vigore,

1424 2417 1542 2508 Quem
1557 2424 1600 2492 de
1615 2439 1756 2516 pectore
1771 2431 1834 2499 das
1850 2445 1930 2520 tuo,
1956 2439 2093 2529 petenti

1421 2517 1504 2590 Non
1520 2537 1590 2610 est,
1620 2527 1740 2596 tenisi
1755 2531 1881 2620 dante,
1905 2538 2020 2612 fausta
2035 2541 2165 2634 virtus,

1420 2619 1492 2694 Sed
1507 2649 1574 2696 nos
1587 2629 1721 2699 auxilio
1736 2631 1837 2704 iuvas
1853 2652 2022 2729 petentes.

1314 2730 1393 2828 Ego
1416 2731 1619 2840 Philippus
1639 2739 1874 2822 Melanthea
1896 2769 2007 2830 testor
2026 2754 2124 2835 hune
2138 2757 2251 2839 Geor-

1263 2835 1370 2930 gium
1385 2833 1551 2931 Schmtd,
1576 2841 1823 2921 Gorliceusem
1842 2854 2023 2932 initiatum
2039 2885 2113 2936 esse
2127 2869 2256 2942 studiis

1265 2935 1434 3014 honestae
1450 2947 1634 3018 doctrinae
1650 2947 1758 3022 Anno
1777 2950 1888 3034 1558.
1914 2962 1973 3032 die
1987 2961 2118 3054 Lucae,
2140 2983 2178 3044 et
2190 2993 2250 3042 oro

1263 3041 1448 3116 filiumdei
1463 3048 1649 3120 dominum
1670 3069 1832 3128 nostrum
1854 3058 1969 3134 lesum
1985 3061 2183 3160 Christum,
2209 3088 2248 3144 ut

1262 3156 1377 3218 totum
1396 3147 1490 3220 vitae
1509 3145 1615 3224 buius
1631 3145 1788 3252 Georgii
1801 3185 1943 3236 cursum
1959 3169 2144 3259 gcrhernet.

1261 3353 2256 3404 -·---------.-.....,....,

1270 3497 1337 3574 Νο.
1354 3500 1468 3580 6601.

1264 3595 1477 3640 Μ
2097 3531 2160 3602 21.
2176 3531 2257 3605 Oet·

2108 3625 2253 3656 M

1547 3694 1670 3783 Aba.
1701 3699 1957 3796 Praetorio.

1312 3854 1348 3919 ’τ
1365 3849 1403 3906 Ex
1418 3870 1514 3926 apogr.
1528 3854 1558 3909 in
1572 3858 1636 3914 cod.
1650 3857 1735 3916 Paris.
1751 3860 1788 3916 D.
1805 3863 1837 3919 1.
1849 3866 1911 3922 64⁸.

1276 4001 1457 4078 Abdiae
1481 4004 1749 4096 Praetorio,
1775 4011 1927 4092 Lectori
1951 4023 1991 4094 in
2017 4019 2222 4103 Academia

1578 4108 1925 4215 Francosordiana.

1253 4241 1301 4329 S.
1329 4256 1374 4332 D.
1427 4257 1571 4334 Clariss.
1589 4264 1693 4338 viret
1710 4269 1888 4343 carissime
1905 4276 2023 4354 frater.
2056 4279 2134 4354 Scis
2152 4285 2242 4358 illud

1251 4357 1422 4429 Demetrii
1447 4357 1688 4452 Phalerensis,
1721 4373 1783 4464 qui
1810 4375 1919 4462 dixit,
1946 4377 2176 4457 Aristotelem
2203 4391 2239 4458 in

1250 4462 1407 4552 epistolis
1428 4463 1683 4554 interrogatum
1696 4473 1740 4542 de
1753 4477 1975 4565 longioribus
1989 4485 2238 4578 disputationi·

1248 4563 1315 4658 bus
1330 4564 1474 4634 solitum
1490 4573 1719 4660 respondere:
1745 4582 1866 4650 ταῦτα
1882 4577 1952 4654 οὐκ
1971 4582 2072 4661 ἔστιν
2093 4585 2237 4664 arara

1247 4661 1341 4734 itaci.
1396 4663 1492 4735 ldcm
1515 4693 1578 4758 ego
1604 4695 1706 4764 saepe
1735 4702 1880 4772 usurpo.
1930 4684 2103 4762 Libenter
2130 4695 2176 4764 ad
2204 4709 2236 4766 te

1245 4765 1378 4855 integra
1394 4769 1575 4842 volumina
1591 4776 1636 4842 de
1654 4781 1785 4850 nostris
1799 4785 2100 4874 disputationibus
2116 4795 2235 4868 mitte-

1245 4892 1318 4936 rem
1328 4894 1337 4954 3
1365 4873 1425 4938 sed
1441 4871 1526 4958 scis,
1550 4871 1641 4944 mihi
1658 4891 1797 4973 tempus
1812 4887 1940 4962 deesse.
1992 4887 2156 4968 Omnino
2170 4925 2233 4971 au.

1242 4982 1313 5038 tem
1331 4972 1490 5058 decrevi,
1514 4999 1630 5045 coram
1652 4994 1768 5052 tecum
1792 4988 1836 5056 de
1851 4991 1975 5062 multis
1995 4997 2101 5068 rebus
2119 5001 2230 5072 collo-

1241 5073 1313 5164 qui,
1372 5072 1468 5145 Deus
1502 5074 1804 5178 καρδιογνώστης
1836 5092 1933 5160 testis
1960 5108 2030 5182 est,
2067 5123 2124 5171 me
2157 5128 2229 5174 non

1239 5172 1461 5272 φιλονεικιίᾳ
1493 5193 1554 5248 aut
1582 5177 1807 5283 δοξομανίᾳ,
1845 5196 1904 5261 sed
1931 5196 2084 5290 simplici
2111 5208 2229 5276 studio

1238 5278 1451 5369 quaesivisse
1484 5283 1733 5374 explicationes
1766 5299 2104 5390 controversiarum,
2139 5333 2227 5400 quae

1236 5393 1365 5454 extant.
1418 5377 1465 5453 Et
1488 5405 1625 5476 semper
1648 5390 1745 5460 volui
1769 5391 1904 5467 iudices
1924 5424 1996 5470 esse
2011 5404 2093 5495 pios
2108 5421 2143 5478 et
2160 5411 2226 5480 do-

1235 5494 1321 5557 ctos.
1372 5481 1443 5555 Sed
1460 5478 1690 5566 baeccoram.
1733 5491 1843 5568 Mitto
1858 5501 2225 5599 pagellasBavaricas,
