4738 6186
259 305 336 378 ass
845 284 1277 368 untsrouaxuu
1327 289 1439 368 orn.
1463 291 1568 374 xur.
1620 293 1750 374 asso.
2087 341 2091 350 .
2199 315 2254 390 „4
2300 319 2303 330 =

260 471 434 550 N⁶⁸l⁰rlS
461 472 635 544 invidiam
664 491 738 540 ²⁵⁵⁰
766 467 998 539 Videbusslur·
1065 464 1136 538 Sed
1168 457 1257 534 haec
1311 467 1386 538 veri
1403 467 1522 564 inquit
1536 463 1771 559 Alcibiades,
1804 474 1865 543 scd
1882 467 2045 548 Socratis
2059 481 2165 552 verbis
2176 489 2253 560 nudis

263 583 422 654 sinamus
437 579 550 647 nimio
567 574 644 666 plus
663 571 897 662 assurgentia:
924 568 1081 661 prolecto
1098 565 1261 640 fastidire
1311 583 1346 642 et
1366 570 1587 663 simplicibus
1611 575 1729 655 addit,
1765 575 1988 652 etiamsisint
2001 571 2128 674 inepta,
2155 588 2254 678 mpii„

263 684 304 754 in
320 673 542 772 Philosopho
558 675 786 746 subtilissime
804 675 1010 766 disputante
1030 671 1150 744 minus
1173 691 1262 740 con·
1310 673 1488 756 furorem,
1521 687 1616 744 extra
1640 699 1677 745 se
1700 680 1806 769 poni,
1839 693 1873 750 et
1889 682 1982 765 ,velit
1998 685 2084 754 nolit
2097 687 2255 760 faciendum

265 787 408 855 cinnam
435 780 690 861 elocutionem,
723 801 798 847 non
825 790 897 847 tam
919 773 1060 844 delicati
1088 765 1264 866 stomachi
1310 774 1361 859 ei,
1396 778 1493 868 quod
1509 772 1571 844 ille
1585 791 1819 870 praeceperat.
1872 780 1943 853 Sed
1962 785 2046 877 quid
2065 791 2164 878 perdo
2178 791 2257 862 verba

265 904 335 968 est,
366 909 472 978 quam
503 881 702 953 insolentis.
768 877 891 971 Neque
922 889 975 946 est
1005 877 1125 958 aliter,
1169 898 1210 944 ac
1232 873 1262 942 si
1311 876 1348 944 in
1371 899 1411 946 re
1436 877 1610 964 consessa,
1642 879 1674 948 si
1699 905 1773 952 non
1794 883 1922 974 desipit
1947 887 2101 973 auditor,
2135 894 2257 962 asama

267 1011 374 1083 quern
391 986 429 1056 in
443 981 595 1056 Socrate
612 984 656 1052 de
667 979 827 1051 moribus
841 981 989 1048 docente
1002 977 1176 1062 offendat,
1201 989 1263 1046 aut
1312 1001 1492 1063 sermone,
1519 980 1605 1072 quid
1621 997 1738 1072 sperat
1755 986 1871 1070 aliud,
1898 1013 2002 1080 quam
2015 991 2172 1062 insidiosi
2198 993 2259 1062 tti-

266 1093 366 1160 laxus
383 1090 537 1172 calceus,
560 1097 622 1156 aut
637 1097 716 1174 toga
734 1084 929 1166 dissidens,
956 1093 989 1149 et
1005 1094 1137 1149 sectum
1154 1101 1263 1169 prave
1312 1083 1378 1150 bus
1401 1082 1554 1150 maxime
1579 1087 1828 1172 persuadetur,
1861 1090 1931 1158 vita
1961 1091 2120 1178 dicentis,
2148 1097 2258 1164 veritate

265 1187 505 1263 stomachetur
520 1189 567 1258 ob
584 1208 750 1276 unguem.
807 1183 891 1254 Non
910 1183 1085 1252 desiderat
1107 1175 1262 1250 Tullius
1312 1183 1382 1268 rei,
1421 1181 1612 1254 sobrietate
1635 1175 1819 1258 orationis.
1879 1188 1975 1260 Haec
2004 1207 2102 1280 sunt,
2135 1195 2258 1278 Lactant

267 1292 521 1386 Eloquentiam
545 1291 583 1358 in
607 1282 843 1379 Philosopho,
877 1287 939 1355 sed
960 1287 1122 1356 utrobus
1145 1283 1263 1354 etdo-
1312 1308 1403 1378 quae
1426 1281 1645 1376 Philosopho
1667 1288 1771 1360 lidem
1800 1294 2008 1378 conciliant,
2041 1297 2070 1364 si
2086 1299 2186 1368 bonus
2203 1301 2256 1370 lue·

268 1399 382 1466 ctrina
415 1392 617 1464 satisfaciat.
677 1388 819 1460 Sciebat
854 1401 927 1459 tam
966 1390 1122 1480 prudens
1156 1407 1262 1478 quarn
1312 1388 1379 1472 rit,
1414 1386 1444 1455 si
1476 1388 1679 1475 veridicus,
1701 1393 1732 1460 si
1760 1394 1795 1461 id
1821 1415 1931 1483 genus
1956 1397 2097 1468 dicendi
2122 1415 2259 1491 appetens,

269 1499 430 1569 eruditus
446 1493 575 1578 homo,
600 1505 760 1562 nostrum
784 1515 858 1561 esse
881 1513 1092 1580 componere
1109 1500 1262 1556 mentem
1312 1488 1409 1581 quod
1425 1512 1500 1557 non
1517 1513 1557 1558 ex
1574 1493 1732 1564 amoenis
1742 1492 1930 1566 Musarum
1946 1498 2070 1592 sylvis,
2095 1497 2257 1571 sedexhor.

269 1584 417 1693 potius,
439 1623 544 1692 quarn
565 1595 777 1665 dictionem:
812 1615 936 1662 curare
956 1615 1000 1658 ne
1020 1591 1104 1681 quid
1126 1591 1263 1678 aberret
1313 1593 1425 1660 rendo
1439 1591 1583 1663 fluxerit
1596 1609 1718 1679 antro,
1750 1597 1786 1664 in
1803 1623 1875 1691 quo
1890 1601 1980 1672 dixit
1993 1599 2190 1672 Heraclitus
2202 1605 2255 1672 lati-

268 1703 358 1772 ratio
376 1725 450 1770 uon
470 1699 601 1778 oratio,
636 1697 785 1767 attinere
810 1696 854 1763 ad
876 1716 944 1790 nos
964 1691 1004 1762 ἐν
1020 1688 1187 1764 διαθέσει
1203 1682 1264 1760 ld·
1312 1706 1387 1762 tare
1412 1694 1608 1768 veritatem.
1659 1693 1709 1766 At
1734 1699 1826 1770 dicet
1851 1702 2045 1794 quispiam,
2084 1703 2253 1795 Ageamirc

266 1829 357 1904 γον,
391 1827 466 1874 non
491 1803 641 1872 attinere
664 1795 732 1870 τὸν
757 1797 798 1869 ἐν
817 1801 1003 1892 προφορᾷ.
1067 1791 1264 1864 Laudabile
1314 1795 1556 1864 examinemus
1569 1791 1655 1867 hacc
1670 1801 1829 1891 deposita
1845 1807 2082 1881 contentione.
2119 1806 2254 1878 Reveren-

267 1909 307 1976 in
325 1907 429 1975 nobis
443 1899 574 1974 habere
588 1898 712 1970 Musas
728 1901 767 1968 in
783 1899 921 1980 animo,
949 1911 983 1968 et
998 1920 1070 1966 non
1086 1897 1124 1964 in
1142 1895 1263 1976 labris,
1314 1899 1399 1968 dum
1424 1899 1624 1991 quoddam,
1652 1912 1692 1970 et
1712 1926 1781 1993 ,per
1801 1927 1838 1975 sc
1860 1905 2028 1977 divinum
2049 1923 2101 1979 est
2121 1908 2256 2001 sapientia,

267 2034 314 2079 ne
332 2009 419 2102 quid
439 2008 478 2076 in
494 2005 557 2114 ittp
574 2003 632 2072 vel
650 2026 715 2094 per
732 2003 821 2072 iram
841 2014 987 2084 sonent,
1020 1999 1077 2069 vel
1099 2022 1163 2090 per
1178 1997 1264 2066 libi·
1314 2023 1378 2068 nec
1401 2002 1537 2071 exotico
1563 2025 1743 2094 quoquam
1768 2020 1845 2096 eget
1868 2023 2018 2080 ornatu:
2050 2013 2107 2080 sed
2131 2010 2254 2105 quaein·

268 2112 392 2181 dinem
416 2106 627 2180 enervatius.
685 2102 870 2197 Denique,
901 2125 948 2172 ne
970 2127 1039 2196 qua
1062 2099 1107 2172 sit
1128 2101 1263 2169 discors
1313 2101 1410 2172 vidia
1434 2116 1469 2174 et
1494 2098 1591 2174 hunc
1613 2106 1800 2176 accedere?
1856 2107 1948 2197 Quis
1977 2127 2097 2202 negat,
2126 2133 2253 2207 quaepet

269 2212 467 2301 agenuina
490 2211 566 2302 ipsa
591 2230 659 2302 qua
686 2217 901 2298 temperatus
928 2217 979 2276 est
997 2202 1264 2272 modulabiliter
1314 2229 1349 2274 se
1371 2206 1514 2290 decent,
1547 2205 1576 2272 si
1607 2206 1828 2280 adornentur
1853 2210 1928 2282 heri
1953 2215 2169 2285 decentiora?
2205 2211 2251 2302 tgr

268 2311 473 2403 harmonia,
506 2334 612 2404 quam
629 2300 742 2378 Plato
756 2323 836 2378 cuin
850 2306 1064 2396 intelligeret
1078 2300 1264 2375 Theatrali
1314 2307 1424 2376 amice
1458 2301 1526 2376 hoc
1553 2307 1591 2374 in
1614 2309 1793 2404 plerisque
1815 2337 1923 2402 nego,
1956 2320 2050 2387 adeo
2072 2317 2168 2388 multa
2192 2329 2251 2396 sunt,

269 2419 334 2486 ista
350 2429 384 2486 et
399 2413 591 2484 Poe'tarum
607 2434 707 2502 saepe
726 2409 924 2500 corrumpi,
950 2406 1185 2500 aRepublica
1202 2429 1264 2476 sua
1315 2431 1467 2501 quorum
1490 2409 1731 2500 splendorem,
1761 2415 1789 2484 si
1815 2417 1901 2508 quid
1928 2421 2145 2504 adiunxeris,
2166 2417 2249 2487 elumi-
2310 2399 2311 2486 l

268 2518 396 2588 Poe‘tas
432 2537 557 2586 omnes
585 2513 802 2600 eliminavit,
839 2512 1105 2601 gubernandam
1146 2522 1263 2580 antem
1315 2535 1377 2579 nes
1400 2526 1434 2581 et
1460 2535 1533 2581 non
1555 2513 1722 2584 illustres.
1781 2513 1833 2586 lta
1854 2532 1935 2587 sunt
1950 2523 2086 2592 scilicet
2104 2545 2157 2592 sua
2170 2535 2246 2588 natura
2310 2519 2311 2534 ¹

269 2614 500 2710 Philosophis
523 2615 688 2708 reliquit,
720 2639 804 2684 mox
826 2627 919 2684 certe
943 2613 972 2682 si
997 2635 1060 2704 per
1078 2611 1263 2686 hsciviam
1314 2614 1352 2682 in
1366 2613 1501 2704 optimo
1516 2626 1629 2698 statu,
1659 2630 1699 2685 ut
1715 2618 1890 2688 demutari
1914 2622 1959 2690 ab
1986 2625 2048 2693 illo
2069 2625 2131 2692 nisi
2145 2621 2243 2712 inpriu

267 2722 464 2791 disserendi
489 2717 616 2789 Pois'tas
638 2717 770 2787 luerint
796 2716 943 2802 imitati,
970 2714 1075 2784 exilio
1095 2715 1265 2784 condem-
1314 2719 1550 2805 nonpossint.
1570 2735 1575 2748 ·
1604 2715 1805 2788 Marmorea
1822 2723 1948 2792 alonius
1977 2727 2138 2816 picturam
2153 2743 2238 2794 nona

270 2825 408 2895 nandis.
462 2819 511 2892 At
533 2819 679 2890 instabit
701 2812 920 2902 Lucretius,
954 2817 1020 2887 etsi
1043 2839 1117 2886 non
1139 2828 1264 2906 egeant
1314 2817 1418 2909 cipit,
1449 2819 1517 2887 nisi
1543 2841 1632 2909 opus
1656 2820 1830 2890 albariam
1848 2827 2148 2914 super-induxeris,
2172 2829 2242 2894 droa

267 2951 331 3018 per
354 2951 391 2995 se
414 2918 668 3014 Philosophiae
697 2919 1022 2992 commendationes
1051 2919 1262 2988 amoenitate
1314 2924 1356 2990 de
1381 2920 1571 3008 dignitate,
1610 2926 1653 2990 de
1687 2919 1965 3012 pulchritudine.
2037 2927 2114 3002 Non
2138 2931 2240 2999 aliterd

268 3029 430 3110 dicendi,
457 3049 520 3117 per
536 3025 610 3094 eius
627 3038 746 3094 tamen
760 3018 1020 3092 adhibitionem
1034 3020 1264 3090 dissimulan-
1313 3021 1485 3112 sapientia
1500 3035 1534 3090 et
1550 3045 1639 3113 quae
1656 3035 1850 3096 tractantur
1871 3053 1889 3096 a
1906 3025 2134 3124 Philosophia
2149 3023 2233 3100 tectulo

267 3133 348 3200 dam
376 3152 450 3199 esse
473 3129 630 3218 ipsorum
647 3149 766 3194 rerum
780 3123 1031 3194 austeritatem.
1083 3121 1183 3192 Sicut
1199 3122 1263 3190 ab·
1314 3148 1387 3190 non
1413 3123 1627 3209 clarescunt,
1668 3129 1727 3193 sed
1764 3129 1999 3209 olluscantur.
2061 3133 2143 3225 Quid
2158 3120 2234 3218 plural

269 3227 409 3326 synthia
433 3253 497 3320 per
518 3253 554 3297 sc
577 3227 716 3319 pellunt
734 3227 895 3310 morbos,
930 3223 1034 3293 melle
1050 3237 1168 3294 tamen
1189 3223 1263 3292 illi·
1315 3224 1440 3294 Nonne
1458 3226 1639 3314 vulgatum
1653 3241 1722 3310 est,
1754 3225 1875 3300 Bonas
1891 3234 2029 3307 formas
2045 3256 2163 3308 cerussa
2177 3233 2242 3298 dett·

268 3347 424 3415 nontur,
457 3343 496 3398 ut
510 3353 702 3420 puerorum
719 3341 813 3396 aetas
830 3326 1029 3420 improvida
1045 3325 1261 3396 ludificetur:
1292 3327 1474 3396 uastari?
1524 3326 1567 3396 ln
1591 3329 1797 3400 universum
1817 3335 2245 3430 quicquidpulchripmpu

270 3431 338 3504 hoc
354 3435 444 3502 forte
461 3431 525 3502 tihi
543 3432 743 3499 faciendum
763 3429 850 3510 erit,
881 3456 902 3496 o
925 3419 1096 3507 Lucreti,
1129 3427 1158 3496 si
1174 3449 1262 3518 pue·
1312 3430 1495 3519 imponas,
1530 3431 1730 3524 celatquod
1754 3433 1912 3521 invenit,
1947 3445 2050 3532 quod
2068 3441 2156 3512 affert
2172 3449 2249 3504 saun

266 3538 316 3606 ris
342 3537 519 3606 scribebas
543 3549 622 3612 tua,
655 3533 704 3602 sic
735 3533 842 3620 vulgo
871 3531 1096 3613 faciendum,
1137 3529 1261 3622 utique
1311 3531 1400 3600 illud
1417 3545 1580 3602 ostentat.
1634 3533 1754 3622 Quare
1771 3537 1911 3629 siquod
1930 3525 2251 3631 priussueratadven.

266 3639 351 3721 tibi,
386 3638 448 3731 qui
472 3659 547 3706 non
570 3629 757 3729 absynthia
783 3634 909 3714 modo,
939 3633 999 3701 sed
1026 3631 1262 3701 meracissima
1313 3633 1389 3703 titio
1408 3649 1578 3724 praestat,
1612 3635 1781 3705 iacturam
1803 3639 1925 3711 lecerit
1941 3643 2036 3714 illud
2056 3641 2199 3740 quicquid
2212 3644 2253 3712 est

267 3742 381 3811 toxica
406 3739 624 3832 propinares.
674 3735 744 3807 Sed
766 3726 1261 3824 lungealianobishabenda
1312 3759 1384 3803 non
1409 3735 1563 3806 lucrum.
1624 3733 1684 3808 Oh
1707 3761 1783 3808 eam
1808 3766 1946 3812 causam
1963 3738 2255 3836 nudamsepraebst

266 3845 378 3920 ratio,
405 3840 467 3934 qui
488 3841 631 3928 vulgus,
656 3853 696 3909 ut
710 3853 791 3907 ante
807 3837 979 3921 diximus,
1006 3857 1080 3904 non
1098 3834 1261 3906 allectare
1312 3833 1565 3928 Philosophia,
1595 3841 1756 3934 undique
1770 3845 2019 3936 conspicuam,
2043 3863 2113 3921 tota
2133 3847 2258 3916 subocu-

267 3943 489 4038 quaerimus,
521 3944 581 4010 sed
606 3941 821 4024 absterrere,
854 3961 920 4007 nec
945 3949 1034 4007 tetra
1049 3933 1261 4030 Absynthia‚
1303 3939 1384 4024 ΙΙοε,
1420 3943 1485 4009 sub
1507 3939 1680 4011 iudicium
1707 3945 1826 4013 venire
1846 3947 1970 4036 gestit,
2011 3953 2075 4022 scit
2102 3973 2134 4020 se
2155 3944 2257 4016 tatere,

268 4048 329 4115 sed
346 4044 475 4113 Nectar
491 4043 731 4132 propinamus.
790 4039 860 4112 Sed
885 4039 1076 4110 contendet
1089 4030 1261 4108 Laclan—
1313 4043 1408 4111 uude
1425 4055 1497 4112 tota
1515 4043 1674 4136 undique
1691 4046 1835 4135 placeat.
1888 4043 2258 4138 Quantnmdeeavelit

268 4145 360 4226 tius,
395 4145 479 4214 satis
502 4157 662 4213 constare
683 4143 720 4210 in
744 4143 947 4211 auditorum
970 4141 1109 4210 animos
1134 4142 1191 4210 vel
1207 4163 1261 4210 se·
1312 4157 1451 4213 tautum
1476 4145 1521 4212 de
1542 4145 1646 4213 laude
1668 4147 1827 4234 minuas,
1845 4153 2037 4224 reinseram
2068 4167 2101 4226 et
2130 4141 2259 4242 inpermi-

270 4251 412 4318 niorum
425 4247 575 4315 inlluere
591 4244 770 4338 potentius
785 4244 985 4338 veritatem,
1018 4255 1053 4311 et
1073 4243 1108 4311 vi
1125 4265 1186 4312 sua
1203 4243 1259 4311 in.
1311 4240 1704 4331 ,iamsehaberivup’
1736 4245 2259 4346 quicquidfldmisceasinfeceris

267 4363 455 4428 fficiam,
486 4361 521 4418 et
544 4348 622 4417 luce
644 4345 816 4416 orationis
837 4357 1012 4414 ornatam.
1065 4342 1105 4415 Si
1126 4345 1261 4430 luisses,
1312 4347 1586 4433 adulteraveris,
1619 4351 1724 4418 aliam
1741 4355 1882 4440 leceris,
1908 4371 1976 4428 stat
1995 4371 2123 4450 puncto
2137 4343 2260 4427 insectili,

268 4446 520 4534 oFr'rmt'ooe,
554 4463 624 4518 tam
643 4450 808 4540 frequens
824 4447 861 4514 in
878 4445 985 4515 sacris
1000 4445 1128 4531 literis,
1154 4471 1261 4540 quarn
1312 4461 1345 4517 et
1371 4449 1569 4519 individuo.
1602 4450 1857 4547 .Quapropter
1880 4481 1944 4528 nec
1961 4461 2154 4532 ludendum
2171 4449 2261 4540 tropis,

269 4559 307 4624 in
326 4553 413 4624 lictis
430 4553 554 4623 litibus
575 4550 696 4635 suisti,
722 4562 755 4617 et
769 4542 838 4617 hoc
858 4571 933 4616 non
950 4547 1115 4633 dixisses,
1141 4563 1175 4619 et
1194 4573 1261 4618 no·
1310 4574 1376 4626 nec
1392 4551 1508 4620 serbis
1523 4566 1584 4622 aut
1599 4553 1721 4633 nimiis
1735 4556 2100 4646 luxur·iandum„.aut
2122 4549 2261 4631 trinslsth

269 4671 338 4726 stra
361 4679 434 4724 non
455 4654 574 4722 minus
596 4653 688 4720 bene
710 4651 856 4720 fortasse
871 4648 1128 4734 confirmasses,
1154 4675 1261 4744 quam
1312 4653 1588 4739 lasciviendum,
1623 4671 1683 4728 aut
1700 4659 1841 4730 factitiis
1859 4665 2084 4750 audendum,
2115 4665 2262 4730 inretiat

268 4761 487 4828 destruxeras
502 4755 628 4827 aliena.
663 4751 730 4823 Dic
749 4775 878 4846 quaeso
895 4750 981 4844 quid
999 4766 1118 4822 movet
1133 4753 1260 4824 fortius
1310 4754 1419 4839 seria,
1450 4756 1539 4825 tanti
1554 4757 1791 4848 discriminis,
1823 4765 1862 4834 in
1880 4789 1947 4857 qua
1965 4768 2122 4850 demere,
2136 4800 2138 4809 Α
2153 4759 2263 4834 addere,

267 4875 301 4930 et
317 4859 522 4950 persuadet,
559 4879 665 4948 quarn
704 4877 882 4924 sacrarum
911 4852 1015 4922 lectio
1051 4853 1261 4928 literarum?
1310 4857 1492 4926 demutare
1510 4860 1556 4928 sit
1570 4859 1753 4948 flagitium.
1807 4865 2145 4960 Atinquies,·Age,
2167 4865 2262 4930 damus

267 4961 349 5031 Non
371 4973 533 5036 movent,
570 4981 642 5026 non
658 4960 887 5048 persuadent,
921 4955 983 5024 sed
1005 4969 1153 5044 cogunt,
1184 4957 1258 5045 agi-
1310 4953 1376 5028 hoc
1401 4962 1519 5040 volsis,
1556 4976 1593 5031 ut
1612 4987 1686 5032 uon
1709 4965 1754 5034 sit
1770 4981 1923 5036 vestrum
1941 4986 2067 5040 ornate
2092 4966 2193 5060 loqui,
2221 4955 2263 5026 sed

266 5076 362 5146 tant,
395 5061 468 5128 vim
494 5059 654 5129 insenrnt
674 5060 760 5146 legis
784 5059 887 5128 rudia
914 5055 1021 5126 verba
1046 5069 1080 5126 et
1098 5059 1257 5146 agrestia,
1309 5075 1462 5130 vestrum
1479 5077 1531 5133 est
1554 5079 1663 5145 certe,
1691 5069 1785 5158 quod
1801 5093 1864 5138 noc
1881 5074 2082 5160 praestatis,
2105 5084 2141 5140 ut
2156 5057 2263 5134 Latiae

266 5166 328 5233 sed
353 5163 451 5244 viva,
486 5163 544 5230 sed
570 5149 741 5244 animata,
778 5161 961 5244 llarnrnea,
999 5159 1177 5246 aculeata,
1213 5165 1255 5230 ad
1280 5172 1284 5215 Ξ
1309 5164 1446 5248 saltem,
1482 5179 1521 5234 ut
1542 5167 1571 5233 si
1594 5191 1666 5234 uon
1688 5169 1951 5252 ilor·idis‚=.suis
1966 5186 2087 5244 tamen
2108 5169 2262 5240 vertisses

267 5267 377 5334 imum
402 5263 564 5352 spiritum
588 5261 828 5352 penetrantia,
862 5257 1257 5350 homincmtotumpo-
1308 5263 1499 5354 explicetis.
1548 5266 2262 5360 Nonexigoavohisoratiommcomptan

267 5365 386 5438 testate
410 5365 565 5432 mirabili
588 5363 888 5438 transformantis.
923 5355 1102 5446 ‚Periclis
1124 5365 1270 5432 oratio--
1308 5368 1368 5434 sed
1392 5368 1475 5436 nolo
1501 5370 1702 5457 sordidam,
1734 5374 1818 5443 nolo
1844 5391 2115 5466 unguentatam,
2143 5373 2193 5442 sed
2218 5385 2263 5432 ¹¹⁰⁶

266 5471 371 5540 nibus
393 5466 597 5554 elaboratis,
637 5479 672 5535 et
698 5465 887 5538 luculentis
915 5459 1008 5534 nihil
1032 5487 1069 5536 se
1089 5489 1254 5560 commo·
1308 5461 1497 5540 hircosam.
1547 5468 1630 5544 Non
1645 5473 1690 5545 sit
1705 5473 1813 5560 lecta,
1847 5481 1909 5548 sed
1924 5502 1993 5550 uec
2007 5480 2165 5571 neglecta·
2204 5463 2261 5539 N⁰¹¹
