4708 6190
106 510 342 596 commendo,
375 535 482 608 quern
506 525 582 586 toto
604 526 748 606 pectore
762 513 923 612 quotidie
946 537 1030 598 oro,
1061 521 1104 584 ut

106 638 166 684 me
199 617 302 687 iaciat
342 639 516 705 organum
559 617 832 690 misericordiae.
908 615 1028 687 Hodie
1067 627 1103 686 et

104 710 307 788 Francisci
351 713 627 790 Wmarteasn
666 720 785 792 literas
826 721 963 812 accepi,
1014 739 1103 812 ques

4 906 7 917 1
105 819 224 894 mitto.
275 819 408 912 Accepi
423 835 459 894 et
479 821 599 892 literas
615 817 815 894 Helveticae
841 825 884 892 de
906 819 1104 914 Areopagi-

105 923 178 993 tico
209 921 302 994 libro
338 921 599 1004 Wimarienei,
635 947 724 1018 quas
756 949 873 996 coram
904 925 1103 1008 ostendam,

107 1023 191 1117 qrria
217 1025 369 1096 describi
392 1027 510 1098 subito
536 1049 610 1098 non
636 1025 834 1118 poterant.''
885 1021 964 1098 Oro
983 1037 1101 1096 autem

106 1123 243 1196 Filium
258 1123 347 1209 Dei,
380 1125 576 1198 Dominum
593 1141 755 1226 nostrum
780 1127 894 1200 lesum
909 1124 1103 1212 Christum,

107 1242 146 1298 ut
177 1223 238 1296 has
264 1230 424 1319 regiones
447 1232 619 1320 gubernet
642 1245 677 1302 et
700 1245 876 1323 protegat,
914 1257 977 1303 nec
1009 1233 1104 1300 sinat

109 1331 187 1398 sacri
204 1331 239 1400 iu
259 1325 313 1399 his
326 1329 496 1402 Ecclesiis
512 1333 713 1404 barbaricas
730 1334 952 1406 vastationes.
1004 1331 1103 1403 Beue

108 1433 234 1506 valere.
286 1432 354 1504 Die
372 1431 465 1504 lunii
485 1433 549 1509 Xl.
589 1429 698 1508 1659.

566 1535 757 1630 Philippus
773 1533 999 1609 Melanthun.
1067 1569 1070 1579 =

932 1877 961 1940 d.
988 1878 1096 1938 solsth.

927 1965 1099 2000 w

459 2079 523 2164 11.
557 2079 752 2198 ratpero.

182 2229 205 2298 †
224 2229 260 2283 Es
280 2245 378 2302 apogr.
396 2231 425 2286 lo
447 2233 509 2288 sod.
529 2233 615 2290 Paris.
633 2235 670 2290 D.
682 2233 714 2290 la.
725 2233 787 2292 w.

185 2382 370 2458 Davidi
397 2385 439 2462 V
444 2389 493 2460 oi
498 2397 529 2477 l,
561 2391 621 2486 (in
639 2387 840 2466 Academia
858 2389 1038 2486 lenensi.)

113 2529 166 2616 S.
190 2539 234 2612 D.
283 2542 492 2616 Doctissimc
511 2561 546 2618 et
562 2547 741 2620 carissime
757 2547 885 2620 David.
945 2547 1108 2620 Nuncius

111 2669 220 2739 quem
243 2647 406 2718 miseram
430 2652 474 2718 ad
499 2643 705 2744 Eringium
728 2654 772 2720 de
797 2647 953 2722 Ecclesia
971 2651 1108 2724 Kittin-

113 2747 233 2838 gensi,
266 2749 372 2820 rediit
396 2751 472 2820 sine
497 2751 608 2844 ipsius
630 2753 760 2835 literis,
793 2753 876 2846 quin
898 2755 1023 2846 procul
1044 2754 1106 2824 ab·

111 2851 182 2920 suit
210 2876 228 2918 a
252 2874 312 2918 sna
339 2851 471 2922 familia
492 2850 689 2946 Eringius.
742 2853 911 2925 Nondum
931 2856 1041 2946 igitur
1062 2857 1107 2924 de

116 2952 332 3042 liittingeusi
352 2949 507 3024 Ecclesia
531 2957 762 3029 decrevimus.
816 2951 944 3028 Adbuc
967 2972 1000 3027 et
1027 2957 1107 3028 ste-

112 3055 233 3124 irensis
257 3051 414 3124 Ecclesia
440 3071 613 3148 pastorem
637 3058 823 3129 desiderat.
883 3056 961 3150 Ego
990 3086 1009 3128 a
1033 3057 1105 3128 Bo-

115 3157 229 3228 ru'ssia
246 3180 318 3224 non
336 3151 585 3246 abhorrerem,
614 3160 750 3230 etiamsi
774 3160 1015 3256 longinquitas
1032 3162 1109 3230 viae

116 3261 263 3328 molesta
288 3274 357 3344 est,
399 3264 457 3329 sed
482 3261 627 3332 affectus
647 3275 791 3332 tuorum
815 3279 849 3334 tc
875 3265 1028 3333 retinere
1049 3289 1109 3332 cu-

115 3363 201 3450 gito.
253 3358 357 3432 Nunc
375 3363 418 3431 dc
437 3361 570 3432 Salinis
584 3365 679 3454 quod
696 3365 788 3453 agis,
809 3365 914 3434 faciat
927 3362 1042 3447 Deus,
1070 3377 1111 3436 ut

116 3467 282 3556 impetres
306 3465 403 3558 qnod
428 3465 527 3556 petis.
584 3463 717 3556 Scripsi
742 3469 787 3536 ad
810 3468 919 3550 duos,
954 3467 998 3536 ad
1021 3487 1111 3560 quos

121 3589 257 3634 necesse
281 3579 331 3635 est
355 3590 429 3634 rem
453 3567 581 3635 deferri
590 3591 598 3650 ;
633 3591 673 3636 ac
697 3589 854 3637 mearum
882 3567 1110 3658 epistolarum

123 3668 295 3740 moestitia
315 3668 487 3753 ostendit,
511 3691 617 3762 quam
635 3668 980 3762 timidescripserim.
1020 3667 1112 3740 Sua-

125 3771 193 3835 deo
206 3782 317 3838 autem
334 3783 373 3839 nt
389 3783 423 3840 et
438 3769 511 3862 ipse
522 3769 662 3840 Salinas
679 3771 918 3862 proficiscaris,
945 3785 980 3842 et
993 3795 1110 3840 coram

122 3869 234 3940 literis
253 3867 420 3942 exhibitis
442 3885 558 3964 petas,
591 3885 632 3944 ut
653 3888 687 3942 et
701 3872 848 3946 Senatui
864 3887 1041 3966 exponant
1059 3872 1115 3942 illi

120 3987 220 4043 tuam
238 3974 465 4066 petitionem,
488 3987 523 4046 et
538 3989 572 4044 te
589 3999 651 4046 sua
667 3975 917 4068 suffragatione
933 3975 1114 4072 adiuvent.

119 4073 256 4168 Scripsi
271 4076 362 4145 etad
379 4071 423 4150 D.
432 4069 476 4145 F
473 4075 699 4162 raucarum,
725 4091 766 4148 ut
778 4091 812 4150 et
828 4077 901 4171 ipse
914 4079 958 4148 ad
974 4079 1113 4146 eosdem

117 4181 213 4248 etad
231 4175 401 4248 Senatum
421 4179 562 4252 scribat.
613 4177 695 4254 Scio
720 4181 834 4266 enim,
867 4179 978 4272 ipsius
995 4179 1115 4250 literas

118 4279 293 4372 gratiores
307 4281 383 4348 lore
399 4281 502 4352 meis:
537 4297 568 4350 et
591 4307 686 4352 meas
703 4307 777 4354 non
797 4283 1000 4374 obsignavi,
1032 4281 1115 4374 quia

108 1869 308 1998 Q.

120 4381 208 4450 volo
232 4405 289 4450 cas
313 4382 410 4473 prius
425 4405 444 4452 a
459 4381 561 4452 vobis
578 4383 661 4472 legi,
692 4401 831 4474 postea,
861 4387 891 4453 si
915 4384 1117 4478 placebunt,

122 4483 361 4576 obsignentur
383 4483 499 4573 sigillo
524 4485 663 4554 domiui
684 4479 893 4562 Francisre'.
945 4485 1030 4558 Post
1051 4485 1118 4556 iter

122 4588 171 4656 ad
189 4585 329 4657 Salinas
345 4599 407 4656 aut
430 4586 642 4676 significabis
660 4590 745 4682 quid
769 4589 1031 4680 impetraveris,
1057 4601 1119 4658 aut

124 4683 197 4758 buc
215 4688 345 4762 venias.
397 4687 494 4758 Bene
509 4689 597 4762 vale.
649 4685 718 4760 Die
733 4691 876 4762 solstitii
891 4689 1027 4764 aestivi.

868 4803 1069 4900 Philippus.

760 5023 1116 5044 anun—³¹*

127 5195 197 5272 No.
215 5193 328 5272 6⁷73.

137 5291 307 5324 Μ

958 5205 1018 5268 20.
1038 5191 1108 5260 luo.

946 5285 1116 5318 Μ

446 5395 592 5512 epte.
623 5397 787 5486 tetta.

202 5565 226 5634 †
250 5563 285 5616 r·
305 5577 400 5636 apogr.
423 5559 451 5614 iu
469 5559 532 5616 ced.
551 5559 637 5618 Paris.
657 5559 693 5616 D·
712 5557 741 5618 l·
759 5557 819 5616 Μ’.

139 5643 321 5712 Decurre.
341 5641 448 5709 orer.
475 5638 562 5710 Ver..
579 5633 641 5706 lX.

660 331 1094 418 uetsrotaltutt
1143 332 1254 410 utu.
1287 333 1394 413 Xlll.
1448 332 1579 416 1659.

2073 349 2148 426 8⁸4

1153 499 1505 608 Chrislopltaro
1550 503 1717 596 Lento,
1762 507 1918 590 Pastori
1955 513 2147 594 Ecclesiae

1457 607 1847 712 Brundenburgensis.

1154 746 1202 834 S.
1228 757 1272 833 D.
1323 757 1535 836 Reverende
1560 765 1616 834 vir
1640 779 1675 838 et
1698 767 1815 844 cariss.
1838 769 1958 846 irater.
2010 769 2147 846 Ductor

1155 855 1387 938 Valentinus
1415 865 1521 938 offert
1542 889 1579 936 se
1602 884 1718 939 vestro
1736 869 1901 958 Senatui,
1932 874 1961 944 si
1988 875 2145 946 discedat

1153 961 1349 1042 Ernestus.
1408 965 1485 1039 Scis
1508 981 1638 1066 autem·
1652 973 1829 1044 medicum
1852 977 1997 1046 ductum
2019 991 2053 1050 et
2068 1002 2146 1048 mo-

1152 1070 1291 1142 destum
1315 1079 1351 1138 et
1370 1069 1720 1162 pietatisamautem,
1754 1075 1869 1170 qualis
1885 1072 1943 1150 hic
1965 1089 2038 1164 est,
2070 1104 2146 1150 non

1152 1171 1267 1242 solum
1285 1169 1323 1239 in
1341 1173 1516 1244 medendo
1535 1179 1699 1266 prodesse
1714 1177 1855 1264 multis,
1879 1183 1937 1250 sed
1956 1181 2060 1256 etiam
2074 1177 2146 1252 Ec-

1153 1272 1269 1342 clesiis
1296 1273 1434 1344 utiliter
1465 1299 1565 1367 posse
1596 1277 1746 1368 servire,
1789 1294 1829 1351 ut
1857 1281 2003 1350 memini
2033 1285 2146 1354 multa

1153 1376 1328 1468 exemplem
1362 1401 1470 1470 quare
1484 1403 1568 1464 oro,
1599 1395 1639 1451 ut
1654 1405 1735 1450 ettm
1758 1382 1895 1452 civibus
1911 1387 2145 1458 commendes.

1153 1473 1272 1546 Hodie
1296 1476 1333 1545 iu
1358 1479 1593 1570 praelectione
1613 1483 1760 1573 repetivi
1785 1483 1975 1554 versiculos
1995 1485 2147 1556 Nazian-

1153 1580 1231 1648 zeni
1246 1581 1289 1648 de
1303 1585 1705 1670 nrutttacutnlunationc,
1729 1587 1990 1680 quusadscriho
2002 1604 2146 1680 propter

1153 1681 1422 1772 grammaticen,
1453 1683 1484 1752 si
1506 1686 1663 1758 fortassis
1679 1712 1752 1756 uon
1775 1701 1859 1758 sunt
1877 1689 1943 1758 tihi
1960 1689 2147 1760 familiari-

1153 1797 1207 1854 ter
1223 1784 1309 1856 noti.
1343 1781 1437 1856 Sunt
1450 1800 1567 1860 autem
1584 1789 1791 1864 dulcissimi.
1816 1785 2003 1872 eid'oldur
2017 1788 2147 1887 tutor

1153 1881 1216 1957 καὶ
1240 1875 1454 1982 πρόχρησον
1475 1883 1518 1962 τὸ
1539 1893 1681 1986 npuiav·
1713 1891 1827 1988 οἴκτῳ
1845 1885 1922 1991 γὰρ
1948 1887 2070 1974 ulatur
2090 1897 2145 1990 aqi
2262 1945 2266 1950 -

1154 1987 1237 2080 θεῷ
1262 1986 1518 2081 σταθμίζεται.
1568 1991 1659 2064 Cum
1683 1995 1771 2064 scias
1790 2008 1825 2066 te
1848 1996 2045 2068 debitorem
2063 2019 2147 2084 esse,

1155 2088 1289 2161 scilicet
1321 2087 1417 2177 Deo,
1464 2096 1526 2164 des
1558 2099 1782 2168 commodato
1819 2098 2148 2184 mansuetudinem

1155 2193 1382 2262 miseratione
1403 2195 1498 2265 enim
1521 2197 1700 2268 miseratio
1720 2200 1815 2290 apud
1832 2195 1950 2271 Deum
1970 2201 2148 2291 pondera-

1156 2307 1234 2379 tur,
1269 2294 1431 2368 videlicet
1457 2313 1696 2388 permutatur,
1728 2301 1867 2373 emitur.
1920 2294 2148 2398 Πρόχρησον

1157 2411 1224 2465 est:
1265 2398 1309 2466 da
1335 2403 1571 2474 commodato.
1627 2399 1725 2472 Bene
1750 2402 1845 2489 vale,
1883 2403 1941 2474 die
1963 2401 2026 2478 29.
2052 2403 2149 2475 lunii
2245 2475 2257 2495 ‚

1157 2521 1253 2568 anuo
1276 2495 1383 2570 1559.
1396 2493 1435 2596 ⁶)
1896 2601 1992 2676 ΡΜ.

1953 2633 1964 2677 r
1982 2631 2096 2700 rppus.

1647 2811 2148 2828 mm

1168 2937 1236 3011 No.
1263 2937 1376 3016 6774.
1465 2923 1471 2932 ”

1164 3034 1377 3076 m

1429 3140 1581 3230 laceb.
1612 3142 1891 3232 camerario.

1228 3301 1313 3374 epra.
1326 3305 1359 3360 .a
1373 3304 1481 3362 on...
1501 3322 1529 3374 ρ.
1541 3305 1603 3362 ese.
1622 3308 1679 3378 na.
1693 3307 1785 3364 eona.
1803 3307 1850 3365 us.
1865 3305 1912 3364 tv.
1930 3325 1972 3378 φ.
1988 3307 2074 3371 soar.

2014 2959 2070 3020 28.
2082 2947 2150 3014 lun.

2008 3037 2147 3070 M
2162 3072 2166 3081 Ι

1159 3454 1387 3536 Clarissimo
1408 3461 1487 3534 vira
1510 3461 1713 3536 eruditione
1734 3475 1767 3536 et
1793 3467 1923 3538 virtute
1943 3465 2156 3563 praesianli

1250 3558 1410 3638 Ioach.
1437 3559 1611 3637 Camer.
1626 3567 1756 3666 sralri
1775 3592 1844 3637 suu
1860 3567 2064 3642 cerasino.

1162 3702 1213 3792 S.
1239 3710 1285 3784 D.
1341 3709 1420 3784 Etsi
1447 3713 1485 3784 in
1518 3709 1583 3786 hac
1610 3729 1707 3787 tanta
1734 3717 1912 3788 moesticia
1939 3729 2152 3808 temporum,

1162 3820 1283 3892 minus
1298 3816 1416 3885 dulcia
1430 3831 1513 3886 sunt
1525 3819 1767 3891 doctrinarum
1783 3819 1918 3906 studia,
1943 3831 2059 3888 umen
2075 3841 2155 3909 spe-

1162 3941 1281 3992 remus
1305 3915 1423 3988 Deum
1446 3933 1667 3992 servaturum
1701 3941 1775 3990 esse
1806 3943 1886 3991 suas
1912 3920 2048 4014 aliquas
2070 3921 2156 3990 reli-

1163 4021 1277 4119 quias.
1336 4015 1441 4091 Hauc
1470 4045 1579 4092 unam
1608 4035 1768 4092 tenemus
1795 4017 1902 4119 ἱερὰν
1921 4013 2094 4124 ἀγκύραιν
2115 4036 2156 4093 ut

1165 4126 1246 4194 scis.
1295 4119 1417 4212 Quare
1439 4123 1621 4196 laboribus
1641 4125 1823 4196 iuniorum
1846 4127 1937 4197 bene
1959 4149 2155 4218 precemur.

1165 4223 1408 4320 Disputabant
1425 4217 1483 4295 bic
1499 4249 1598 4297 meus
1614 4223 1789 4324 ὅποτ’),
1821 4241 1857 4299 et
1873 4228 1949 4298 cius
1963 4219 2156 4322 παραστά-

1164 4354 1247 4423 της,
1282 4325 1408 4422 quinto
1430 4322 1505 4398 Cal.
1529 4327 1623 4400 lulii.
1673 4329 1850 4401 Postridie
1876 4342 1911 4401 et
1934 4327 2155 4398 renunciatio

1166 4431 1226 4501 fiet
1253 4429 1392 4520 padus.
1456 4429 1495 4502 si
1524 4431 1651 4506 liberet
1684 4433 1871 4524 caputiari,
1904 4429 2030 4500 vellem
2066 4443 2157 4500 teet

1173 4527 1460 4632 l‘uolsgangum
1495 4545 1528 4602 et
1553 4528 1815 4604 Boldasarum
1848 4535 1987 4615 adesse,
2025 4553 2158 4626 vosque

1170 4659 1254 4720 uro,
1287 4648 1327 4704 ut
1346 4633 1376 4702 si
1401 4657 1473 4704 non
1492 4635 1645 4708 retinent
1661 4659 1723 4706 vos
1740 4657 1886 4726 magnae
1900 4657 2060 4720 canuae,
2092 4634 2157 4702 ad-

1170 4736 1330 4807 veniatis.
1384 4734 1424 4806 Si
1439 4737 1536 4806 aliud
1554 4733 1646 4808 nihil
1660 4737 1762 4807 allent
1778 4731 1835 4806 hic
1850 4757 2072 4826 congressus,
2104 4747 2157 4803 ta-

1171 4863 1253 4910 men
1277 4837 1366 4908 illud
1398 4859 1472 4908 non
1506 4840 1803 4909 contemnendum
1826 4851 1894 4912 est:
1936 4837 1985 4918 alc
2006 4835 2159 4932 ὄμματα

1198 5017 1401 5028 --ι--ι-ι

1207 5123 1241 5189 ¹)
1259 5117 1311 5174 vat
1324 5135 1382 5174 eoo
1395 5131 1471 5170 enno
1484 5111 1559 5170 1559.
1578 5113 1678 5182 scripta
1693 5122 1751 5182 est,
1776 5113 1819 5170 ret
1830 5131 1888 5168 nnn
1902 5113 1929 5173 d.
1940 5113 1983 5171 29.
1997 5113 2086 5182 lunii,
2112 5115 2159 5170 sed

1244 5191 1271 5246 d.
1284 5191 1327 5243 20.
1344 5185 1430 5250 lunii,
1454 5191 1480 5236 et
1496 5183 1602 5252 siguum
1622 5185 1641 5240 n
1657 5184 1690 5236 ab
1710 5203 1725 5236 e
1854 5201 1868 5238 e
1889 5184 1995 5240 istolam
2018 5185 2105 5238 deseri
2140 5185 2159 5238 it

1243 5277 1296 5384 pro
1311 5257 1393 5380 3339
1410 5257 1429 5312 9
1451 5253 1552 5306 lectum
1563 5261 1612 5306 est.
1647 5251 1715 5306 Nem
1726 5201 1902 5309 ‘difficili
1919 5251 1946 5308 b.
1961 5271 1984 5308 a.
2002 5205 2159 5308 utensiiia

1258 5331 1298 5382 uit
1336 5345 1352 5378 u
1373 5339 1478 5378 urinas.

1213 5417 1243 5480 t)
1260 5412 1377 5468 Peuces.
1395 5405 1421 5462 ls
1437 5417 1529 5462 autem
1544 5403 1613 5460 lebri
1635 5415 1778 5476 correptus
1791 5404 2001 5474 disputationem
2017 5423 2166 5477 prorogare

1246 5491 1372 5538 centur.
1399 5489 1424 5529 et
1437 5475 1548 5528 denam
1563 5475 1590 5530 d.
1602 5473 1643 5530 w.
1658 5475 1714 5532 len.
1728 5473 1800 5530 taso.
1820 5475 1927 5530 Doctae
1947 5475 2099 5531 medicinae
2118 5494 2164 5530 re·

1246 5545 1455 5618 sauciatum.

1508 5615 1559 5690 58
