4754 6184
213 355 288 429 sor
779 307 1215 414 urtsronanuu
1268 333 1375 412 eta
1408 331 1510 411 xtrr.
1566 329 1700 414 1⁶⁵⁷.
1779 263 1786 291 i
2186 331 2262 406 sas

218 521 348 625 scripti
363 514 557 618 cogitatio,
584 531 658 584 non
673 517 726 582 est
744 503 927 597 medium,
952 529 1027 608 quo
1040 503 1149 579 Deus
1166 514 1218 577 est
1260 509 1331 582 iam
1347 523 1399 581 est
1414 509 1522 595 insta,
1547 509 1672 594 idest,
1697 503 1834 580 hahens
1857 505 2125 594 remissionem,
2153 521 2189 578 et
2205 533 2264 578 re-

179 624 184 639 *
219 624 372 730 efficax.
1187 655 1190 662 ·
1261 613 1462 700 conciliata,
1487 627 1521 683 et
1534 623 1676 704 accepta
1691 609 1779 698 Deo,
1805 611 1938 683 iustitia
1956 611 2148 702 imputata,
2173 612 2265 682 sicut

322 727 401 800 Hoc
416 723 552 795 insulso
568 712 784 810 sophismate
801 713 995 796 contendit,
1014 709 1130 783 Denrn
1143 733 1219 782 sese
1261 713 1368 788 Rom.
1387 713 1423 788 t.
1448 715 1595 784 dicitnr:
1624 709 1714 786 Non
1739 709 1928 811 operanti,
1956 707 2115 782 credenti
2138 720 2263 781 aretem

222 833 485 908 communicare
509 822 733 904 hominihus,
759 821 835 890 sine
856 817 1069 908 cogitatione
1084 813 1220 886 doctri-
1265 814 1305 887 in
1327 839 1425 898 erem,
1452 815 1519 916 qui
1541 809 1718 910 iustificat
1743 815 1918 914 impium,
1933 808 2034 906 fides
2056 813 2268 912 imputatur

214 965 308 1022 nae,
343 947 376 1002 et
398 927 543 1000 abducit
570 921 734 994 homines
760 947 780 992 a
807 923 899 991 seris
924 919 1099 988 exercitiis
1125 917 1220 1000 briei,
1266 913 1321 989 od
1341 917 1536 990 iustitiam.
1563 942 1565 956 ⁴
1588 918 1647 990 Fit
1670 931 1786 988 autern
1810 943 1850 990 ea
1874 919 1947 1010 ipsa
1973 919 2042 986 lide
2058 917 2268 994 vivificatio,

225 1063 294 1136 qun
327 1059 389 1105 cor
421 1033 567 1102 intuens
599 1028 748 1095 vertmm
785 1039 968 1095 externum
998 1023 1141 1092 ducitur
1173 1019 1217 1088 ad
1266 1048 1334 1118 qua
1349 1037 1513 1094 aeternus
1530 1039 1630 1113 pater
1651 1043 1714 1114 per
1730 1022 1843 1091 tilium
1861 1035 1895 1090 et
1909 1019 2084 1113 Spiritum
2100 1035 2269 1090 sanctum

224 1141 360 1222 Deum,
383 1149 419 1208 et
433 1129 625 1225 acquiescit
640 1129 677 1196 in
695 1128 772 1216 ipso
786 1124 863 1196 Deo
880 1138 1026 1217 propter
1043 1121 1220 1192 mediato·
1268 1125 1441 1210 vivificat,
1467 1139 1500 1194 et
1516 1137 1700 1214 regenerat
1721 1125 1941 1202 credentem,
1969 1133 2060 1192 etex
2076 1121 2269 1193 doloribus

228 1269 320 1326 cern,
343 1254 385 1309 ut
407 1238 666 1327 scriptumest:
692 1221 808 1298 Fides
827 1250 872 1298 ex
896 1221 1029 1296 ureditu
1053 1231 1121 1304 est,
1148 1247 1220 1291 au·
1269 1227 1465 1298 interorum
1489 1227 1635 1310 liberat,
1667 1227 1757 1296 sicut
1780 1225 1926 1294 dieitur:
1958 1219 2085 1294 Iustus
2097 1217 2176 1312 fide
2194 1247 2270 1294 sero

229 1343 331 1416 ditus
349 1363 414 1439 per
437 1333 580 1407 verbum
603 1329 689 1404 Dei.
750 1327 800 1401 Ac
822 1355 902 1400 cuns
930 1328 1061 1398 Paulus
1086 1325 1218 1418 inquit:
1272 1326 1371 1402 vivet.
1430 1327 1539 1414 Item,
1578 1321 1784 1422 Iuslistcoli
1799 1321 1881 1420 fide
1939 1349 2037 1396 ocem
2072 1317 2271 1402 bohemus.

228 1445 340 1520 Unus
363 1447 415 1513 est
439 1430 637 1519 mediator,
668 1439 889 1524 depersoner
916 1429 1094 1523 loquitur,
1119 1427 1221 1498 etde
1272 1425 1636 1510 ltem,1.lohan.5.
1672 1427 1876 1500 Elviloin
1921 1423 2054 1504 lioest.
2098 1421 2181 1524 Qui
2197 1423 2273 1498 lm.

227 1549 421 1621 mediatore
434 1537 716 1636 propitiationis:
736 1535 823 1607 Non
837 1534 934 1604 toltit
949 1535 1108 1616 verbum,
1123 1527 1219 1622 quod
1273 1531 1326 1603 bet
1340 1523 1492 1626 filium,
1518 1525 1628 1601 haber
1650 1533 1774 1606 vitum.
1834 1531 1939 1616 ltem,
1967 1539 2000 1602 t.
2026 1530 2103 1605 Pet,
2123 1533 2157 1601 1.
2193 1526 2273 1600 Re.

232 1667 282 1723 est
299 1649 466 1718 medium.
479 1639 693 1733 agnitionis,
718 1655 753 1710 et
768 1662 833 1731 per
856 1636 953 1729 quod
966 1631 1063 1704 Dens
1080 1632 1221 1700 verissi-
1273 1636 1358 1706 noti
1372 1657 1446 1705 non
1469 1633 1665 1704 exsemine
1683 1629 1933 1731 corruptibili,
1953 1626 2022 1704 sed
2043 1629 2274 1730 incorrupti-

231 1779 287 1824 me
306 1765 358 1820 est
382 1767 565 1844 praesens,
599 1755 637 1812 et
658 1743 778 1810 efficax
800 1741 840 1808 in
861 1762 945 1806 vera
970 1735 1222 1818 consolatione,
1274 1736 1345 1808 bili
1363 1758 1427 1835 per
1449 1735 1594 1807 verbum
1618 1734 1736 1808 vivum
1759 1735 1854 1816 Dei,
1882 1744 1914 1804 et
1932 1758 2085 1806 neonens
2110 1733 2153 1805 in
2171 1760 2272 1808 serp.

232 1855 431 1926 utdicitur:
462 1841 713 1938 Euangelium
737 1850 788 1912 est
812 1836 975 1937 potentio
989 1833 1065 1906 Ilei
1082 1830 1137 1926 od
1157 1859 1222 1904 so·
1276 1839 1365 1916 lerna,
1416 1839 1522 1924 ltmn,
1545 1836 1663 1913 Gna.
1681 1843 1716 1912 5.
1740 1837 1792 1910 Ut
1806 1833 2085 1937 promissionem
2102 1833 2266 1934 Spiritus

233 1947 461 2028 lotemornui
478 1941 646 2018 credenti.
683 1943 757 2014 Nec
778 1941 1223 2014 tecteStc-nclstettlinsne-
1275 1943 1501 2038 accipiamus
1516 1965 1580 2038 per
1589 1935 1714 2032 fidem.
1756 1941 1851 2017 llaec
1867 1941 2100 2039 certissimum
2118 1955 2172 2012 est
2192 1943 2248 2010 nti

232 2074 308 2152 gat,
342 2057 391 2126 ibi
423 2050 692 2138 intelligendam
724 2069 797 2117 esse
824 2067 944 2114 vocem
969 2041 1152 2132 Evangelii
1179 2042 1224 2110 de
1276 2073 1344 2142 que
1360 2039 1600 2136 inProphctis
1616 2058 1649 2133 et
1666 2042 1847 2135 Apostolis
1864 2045 1992 2114 tradita
2012 2067 2094 2112 esse.
2154 2041 2200 2114 Et
2219 2069 2274 2112 ac-

232 2177 376 2234 esterno
394 2147 602 2230 ministerio,
619 2151 681 2222 sed
698 2162 837 2220 tanturn
854 2143 936 2240 περὶ
954 2138 1222 2244 iiyovoit'diov:
1272 2151 1366 2230 ,rectit
1391 2147 1631 2217 testimonium
1660 2149 1821 2219 omniurn
1846 2145 1989 2238 piorum
2013 2143 2050 2214 in
2079 2169 2165 2216 vera
2189 2173 2278 2217 con-

232 2263 395 2355 Cumque
418 2255 570 2347 gloriose
590 2251 725 2322 iactitet
747 2274 828 2320 suos
844 2243 1135 2324 Enthusiasmos,
1161 2247 1225 2313 ab·
1276 2251 1451 2322 versione,

234 2364 332 2436 ducit
354 2359 515 2433 homines
536 2356 574 2424 in
595 2355 718 2424 multis
740 2353 827 2424 iocis
851 2350 1070 2420 adoctrinae
1093 2347 1224 2437 cogita·
1380 2349 1595 2444 Quanquam
1619 2361 1736 2419 antem
1760 2343 1976 2418 inchoantur
2000 2349 2086 2430 tide,
2111 2349 2277 2419 vivifiea.

233 2471 352 2548 tione,¹
374 2487 392 2534 a
420 2460 512 2530 veris
536 2457 711 2528 exercitiis
734 2456 834 2538 fidei,
859 2453 897 2522 in
920 2453 1011 2522 veris
1034 2450 1226 2542 pavoribus
1278 2455 1327 2526 tio
1352 2467 1386 2524 et
1407 2453 1566 2536 novitas,
1595 2467 1715 2524 tamen
1740 2473 1878 2543 semper
1899 2451 2087 2522 retinenda
2106 2465 2161 2523 est
2188 2447 2278 2522 haec

234 2587 269 2642 et
290 2566 491 2642 doloribus,
518 2575 553 2630 et
574 2557 704 2630 invitat
726 2559 771 2628 ad
793 2568 1010 2626 contemtum
1034 2552 1224 2622 ministerii
1278 2555 1489 2627 consolatio:
1523 2545 1621 2624 It'tde
1643 2575 1773 2624 sumus
1797 2548 1905 2640 iusti,
1930 2554 1967 2623 id
1993 2565 2063 2639 est,
2094 2553 2280 2644 imputata

233 2669 380 2767 publici.
1279 2659 1430 2739 iustitio,
1452 2670 1489 2729 et
1512 2656 1646 2750 accepti
1667 2651 1744 2726 Deo
1768 2667 1913 2748 propter
1932 2657 2173 2726 obedientiam
2197 2681 2281 2727 mc-

338 2769 518 2840 Audncter
542 2763 649 2846 etiarn
675 2759 818 2844 scribit,
843 2781 919 2828 non
941 2757 1169 2827 rectedoceri
1187 2756 1224 2824 in
1279 2761 1442 2847 diatoris,
1475 2783 1550 2830 non
1584 2772 1730 2851 propter
1757 2770 1961 2852 sequentem
1984 2758 2185 2829 novitatem
2211 2783 2279 2828 no-

234 2872 402 2950 Ecclesiis
433 2865 580 2938 nostris:
614 2861 774 2934 Renatos
803 2885 878 2932 non
904 2883 1004 2951 posse
1031 2859 1227 2930 satisfacere
1279 2875 1407 2950 stram,
1432 2886 1494 2933 scu
1514 2855 1808 2930 inhabitationem
1830 2858 1916 2945 Dei,
1937 2883 2027 2955 quae
2049 2873 2100 2930 est
2118 2859 2275 2931 efficacia

107 3061 112 3069 ι
236 2979 305 3068 legi
328 2973 414 3054 Dei,
444 2985 477 3042 et
501 2966 617 3038 videri
646 2966 724 3036 vult
750 2964 835 3066 illos
858 2957 1149 3040 Enthusiasmos‚
1183 2963 1227 3029 de
1279 2965 1318 3035 in
1333 2963 1482 3037 Sanctis.
1533 2958 1580 3032 Et
1598 2985 1800 3056 quanquam
1824 2962 1861 3030 in
1878 2957 1978 3047 Elia,
2002 2975 2035 3032 et
2053 2963 2184 3032 multis
2200 2965 2272 3032 aliis

236 3081 366 3176 quibus
394 3073 536 3154 scribit,
562 3091 635 3138 esse
660 3069 833 3158 integram
859 3065 945 3153 legis
973 3063 1227 3153 impletionem.
1279 3067 1418 3140 Sanctis
1447 3067 1652 3136 excellentia
1677 3066 1771 3134 dona
1801 3081 1903 3150 sunt,
1933 3079 2051 3136 tamen
2077 3065 2154 3156 ipsi
2175 3068 2265 3152 longe

237 3183 427 3254 'l‘estamur
453 3197 554 3264 ergo,
587 3193 654 3240 nos
674 3167 905 3242 Stenckteldii
931 3188 1067 3235 errores
1090 3165 1225 3254 impro-
1279 3171 1482 3239 anteferunt
1500 3167 1751 3247 mediatorem,
1780 3179 1813 3236 et
1831 3179 1991 3238 statuunt
2006 3190 2198 3259 personam
2213 3167 2262 3235 in·

237 3289 342 3364 bare,
369 3293 402 3350 et
424 3275 586 3346 Pastores
606 3268 810 3354 hortamur,
835 3282 872 3338 ut
891 3283 983 3338 recte
998 3279 1032 3336 et
1047 3290 1149 3358 saepe
1165 3291 1227 3359 po-
1279 3283 1387 3357 stam‚
1411 3272 1530 3356 idest,
1556 3281 1734 3360 acceptam
1750 3263 1827 3339 Deo
1843 3291 1917 3340 esse
1937 3283 2085 3362 propter
2097 3270 2269 3339 mediato-

237 3387 363 3474 pulum
388 3383 431 3450 de
452 3375 509 3448 his
531 3374 637 3448 tantis
659 3375 766 3444 rebus
789 3375 955 3452 doceant,
984 3370 1164 3463 quomodo
1192 3391 1228 3438 se
1278 3396 1353 3444 rem
1376 3373 1608 3467 promissum,
1641 3371 1723 3465 quia
1749 3371 1843 3441 iuxta
1870 3371 1982 3460 legem
1996 3385 2093 3444 totus
2117 3373 2271 3442 mundus

237 3487 335 3558 Decrs
351 3480 605 3560 communicet,
630 3476 842 3566 cogitatione
857 3471 955 3542 verbi
972 3470 1057 3550 Dei,
1083 3485 1116 3541 et
1132 3472 1226 3565 quod
1278 3497 1361 3546 reus
1385 3489 1438 3546 est
1460 3471 1549 3547 Deo.
1599 3469 1647 3543 Et
1667 3469 1733 3542 lob
1756 3472 1887 3567 inquit:
1926 3469 2021 3545 Vere
2041 3471 2142 3557 scio,
2179 3465 2275 3572 quoti

237 3593 323 3660 fides
339 3583 550 3676 cogitatione
567 3579 664 3648 verbi
686 3601 748 3669 per
771 3578 883 3645 fitium
906 3588 938 3642 et
957 3571 1130 3663 Spiritum
1147 3597 1228 3643 san·
1279 3599 1354 3647 non
1375 3585 1428 3646 est
1453 3569 1563 3644 homo
1584 3575 1704 3646 iustus
1728 3595 1852 3644 coram
1875 3569 1980 3659 Deo,
2004 3569 2072 3644 sed
2090 3570 2272 3645 credentes

238 3708 333 3766 ctum
352 3685 579 3758 accendatur:
605 3681 697 3750 sicut
715 3679 751 3746 in
770 3677 911 3748 Psalmo
931 3677 1078 3746 elicitur:
1105 3670 1228 3745 Susti-
1280 3675 1373 3748 iusti
1385 3685 1470 3748 sunt
1495 3677 1679 3774 imputato
1696 3674 1842 3746 iustitio
1889 3683 2009 3775 rupter
2021 3671 2275 3756 mediatorem,

239 3791 319 3862 nuit
336 3785 466 3859 animo
486 3807 568 3854 meo
582 3780 622 3852 in
640 3778 744 3850 verbo
765 3777 853 3854 eins.
904 3773 1075 3874 Sperooit
1097 3776 1228 3846 onimo
1279 3783 1370 3852 sicut
1407 3782 1540 3851 dicitur
1577 3777 1730 3851 Roman.
1759 3777 1795 3851 5.
1848 3699 2054 3874 iisstificoti
2085 3781 2276 3874 sunguine

239 3891 377 3963 meoin
395 3885 573 3960 Domino.
625 3882 842 3974 Agnoscisne
864 3881 1028 3950 volontas
1043 3876 1109 3949 Dei
1131 3893 1231 3974 pate-
1279 3881 1417 4055 ἵείυε,
1452 3877 1687 3952 salvabimur
1707 3903 1773 3978 per
1797 3881 1916 3978 ipsum
1943 3878 1992 3950 ub
2022 3878 2093 3952 iro.
2164 3881 2275 3962 ltern,

238 3999 331 4065 tacta
349 3995 387 4064 in
411 3989 662 4082 promissione,
688 4000 722 4054 et
744 3986 849 4068 fides,
876 3982 955 4052 Deo
981 3983 1056 4074 ipso
1077 3983 1231 4074 promit·
1311 4007 1349 4056 er
1362 3977 1605 4054 obedientium
1630 3982 1741 4054 unius
1761 3981 1854 4053 iusti
1868 3982 2134 4054 constituentur
2155 3980 2274 4052 multi.

240 4112 335 4167 tente
351 4109 384 4164 et
399 4093 556 4162 salvante
573 4101 717 4181 propter
733 4086 865 4164 filium,
890 4083 1029 4154 nititur.
1380 4085 1472 4158 Cum
1505 4087 1613 4178 igitur
1637 4089 1682 4156 de
1714 4085 1848 4156 iustitia
1873 4111 1991 4157 coram
2018 4087 2096 4160 Deo
2123 4081 2279 4160 dieitur:

342 4193 396 4267 De
420 4192 668 4264 iustificatione
685 4188 878 4258 retinemus
900 4187 1117 4266 tt⁰ttti¹¹³ms
1141 4209 1230 4277 qtae
1279 4213 1418 4281 semper
1443 4190 1529 4272 tides
1550 4189 1687 4258 nitatur
1705 4187 1907 4259 obedientia
1926 4188 2146 4263 mediatoris.
2197 4185 2273 4258 Hac

241 4303 301 4394 pio
325 4319 499 4370 consensu
524 4294 561 4361 in
580 4287 748 4362 Ecclesiis
770 4288 902 4360 nostris
920 4287 1015 4359 iuxta
1038 4287 1231 4358 contessio-
1279 4293 1348 4361 fide
1366 4314 1514 4382 persona
1532 4291 1621 4362 iu'sta
1638 4303 1691 4360 est
1704 4313 1822 4360 coram
1835 4287 1925 4370 Deo,
1952 4290 2058 4361 etiam
2076 4303 2158 4381 post
2173 4311 2272 4378 rege-

240 4429 323 4472 nem
344 4395 608 4490 etApologiam
628 4391 861 4485 proponitur,
885 4413 926 4459 ac
942 4388 1048 4480 pieet
1064 4403 1231 4460 constan·
1279 4394 1510 4464 nerationem.
1561 4389 1635 4462 Nee
1658 4392 1847 4483 recipimus
1871 4386 2117 4487 synecdochen
2140 4387 2278 4482 Orige-

241 4521 295 4574 ter
328 4503 521 4574 retinemus
554 4494 851 4588 propositionem:
883 4486 977 4560 Solo
998 4483 1081 4583 fide
1107 4513 1230 4562 corom
1279 4495 1353 4579 nis,
1388 4489 1669 4579 Monachorum‚
1709 4492 1953 4586 Papistarum,
1990 4493 2075 4563 libri
2111 4491 2276 4574 lnterirn,

239 4603 322 4674 Deo
341 4595 605 4696 iustificantur,
631 4613 663 4668 et
688 4591 778 4664 hartc
803 4593 1079 4686 propositionem
1097 4593 1231 4664 intelli·
1279 4595 1531 4679 Stenckleldii,
1557 4589 1750 4681 Osiandri,
1773 4593 1940 4680 Funccii,
1964 4608 1999 4666 et
2015 4595 2187 4678 aliorum,
2211 4595 2274 4688 qui

241 4711 355 4798 gimus
379 4703 646 4775 etdeclaramus
672 4699 766 4766 iuxta
783 4717 993 4766 consensum
1010 4715 1231 4790 perpetuum,
1278 4699 1329 4769 sic
1350 4699 1628 4792 interpretantur
1650 4698 1946 4789 propositionem:
1972 4689 2069 4768 Fide
2091 4690 2276 4789 iustifica-

241 4810 411 4877 traclitum
440 4805 477 4874 in
510 4797 731 4894 Propheticis
761 4812 795 4866 et
828 4796 1042 4889 Apostolicis
1075 4799 1230 4890 scriptis:
1280 4823 1384 4886 mur,
1417 4801 1566 4884 scilicet,
1600 4801 1889 4891 praeparatione,
1923 4811 1964 4869 ut
1997 4799 2109 4868 simus
2141 4799 2275 4868 deinde

241 4913 349 5000 Quod
369 4905 474 4979 horno
498 4906 534 4974 in
559 4903 790 4972 conversione
812 4925 854 4968 ex
877 4900 1010 4969 iniusto
1028 4899 1087 4970 fiat
1107 4901 1231 4982 iustus,
1279 4903 1348 4974 alia
1373 4927 1411 4972 re
1435 4901 1539 4986 iusti,
1564 4901 1599 4968 id
1624 4915 1693 4984 est,
1719 4901 1851 4994 accepti
1874 4925 1991 4971 coram
2014 4899 2108 4986 Deo,
2139 4901 2275 4970 scilieet
2365 4915 2366 4934 ¹

240 5016 276 5082 iti
302 5027 372 5094 ou,
402 5036 442 5080 ex
472 5033 531 5078 roo
565 5002 697 5076 babens
723 5001 966 5074 remissionem
997 5016 1231 5092 peccatorum,
1279 5004 1453 5088 novitate,
1484 5025 1546 5074 seu
1572 5003 1779 5088 dilectione,
1814 5027 1874 5074 seu
1901 4997 2109 5072 inhaerente
2137 5001 2273 5072 institia

240 5114 504 5193 reconciliatus,
532 5123 564 5178 et
581 5121 742 5199 acceptus
759 5105 837 5174 Deo
854 5105 898 5173 ad
916 5103 1022 5172 vitam
1043 5115 1231 5191 aeternam,
1279 5106 1469 5178 essentiali.
1524 5103 1615 5174 Nam
1638 5099 1676 5172 hi
1699 5105 1797 5175 modi
1822 5105 1996 5200 loquendi
2017 5104 2112 5172 idem
2136 5103 2273 5194 signifi·

239 5241 302 5310 per
324 5213 622 5296 miscricordiam,
647 5207 773 5298 gratis,
798 5219 943 5298 propter
963 5203 1079 5272 solum
1097 5207 1230 5274 media·
1279 5221 1372 5280 cant.
1424 5205 1497 5277 Nec
1517 5207 1683 5276 volumus
1710 5207 1817 5276 abiici
1849 5207 2020 5276 iustitiam
2051 5205 2273 5296 imputatam,

239 5335 352 5389 torem
369 5318 479 5386 hlium
499 5311 584 5398 Dei,
609 5313 683 5383 scala
700 5311 787 5392 fide,
813 5309 849 5377 id
867 5321 929 5390 est,
954 5305 1081 5374 fiducia
1098 5309 1230 5376 media·
1280 5311 1323 5379 de
1344 5333 1413 5402 qua
1432 5305 1565 5376 Paulus
1587 5331 1746 5394 expresse
1770 5309 1905 5404 inquit:
1931 5301 2049 5378 Fides
2066 5305 2272 5401 imputatur
2357 5306 2362 5389 ζ

233 5423 344 5506 toris,
370 5422 466 5490 iuxta
483 5416 768 5510 promissionem,
795 5434 884 5504 qnae
901 5409 987 5480 fides
1000 5409 1130 5478 nititur
1145 5411 1229 5478 obe-
1280 5403 1715 5486 credentiodiustit'iom.
1766 5408 1812 5482 Et
1831 5425 1923 5482 recte
1938 5409 2091 5481 discerni
2107 5411 2269 5480 volumus
2357 5448 2364 5467 .

236 5519 608 5602 dientianrediatoris,
634 5527 901 5607 propterquam
918 5513 1231 5604 personaeredens
1280 5513 1427 5604 gratiam
1449 5527 1482 5582 et
1500 5514 1648 5584 donum.
