4754 6184
110 347 190 426 877

164 515 237 594 ses
252 513 443 592 concordia
456 513 559 588 firme
574 537 641 588 nos
652 527 694 588 ot
707 514 801 588 inter

162 617 297 705 Duret,
321 630 362 692 tu
378 619 480 704 datu,
503 609 666 702 Christe,
691 616 917 712 sempiterna,

162 720 237 794 Nec
253 719 446 792 certamina
463 743 562 790 more
577 714 837 816 sycophantae,

161 821 240 915 Qui
254 823 353 894 dirae
367 821 456 894 solet
470 821 583 893 instar
596 845 671 894 esse
685 817 883 908 Echidnae,

160 923 309 998 Frustra
321 925 510 998 accendere
526 947 593 995 uos
608 923 759 996 velimus
773 921 853 1017 ipsi.
928 929 932 935 ’

160 1025 267 1100 Nunc
283 1049 368 1119 erpo
386 1021 455 1098 hoc
469 1049 610 1122 quoque
625 1025 743 1098 mutui
755 1023 890 1098 favoris

163 1128 317 1220 Signum
333 1128 591 1222 conspiciatur,
615 1121 685 1200 huc
702 1127 823 1200 venito

161 1228 252 1304 Cras
267 1232 312 1326 ad
328 1229 621 1326 colloquiumque
634 1233 909 1326 prandiumque.

162 1331 290 1406 Pacem
307 1333 411 1406 iussit
425 1356 544 1404 amare
557 1355 623 1404 uos
634 1347 786 1406 creator:

161 1432 289 1508 Pacem
303 1433 458 1519 restituit
472 1458 537 1509 suo
552 1459 678 1506 cruore

161 1534 321 1614 Aetemo
334 1535 453 1630 Logos
468 1559 510 1610 ex
525 1535 678 1610 Parente
694 1549 812 1612 uatus.

106 1913 312 2045 Q.

935 1913 1106 2038 Q

328 2109 535 2236 'Sipisna
568 2115 873 2204 Melanthoni.

178 2297 261 2357 aare
278 2297 308 2356 a
326 2295 468 2356 edoma
487 2299 606 2368 pomo.
626 2291 682 2350 m.
695 2293 750 2350 oa.
761 2295 789 2352 ι.
825 2295 940 2368 ιιι...)

379 2443 492 2522 Phili
539 2473 584 2521 us
608 2441 844 2520 Melanthon

132 2547 444 2651 Sigismundo
468 2471 784 2624 Velantltoni
806 2545 1080 2651 [quteotsmpora

452 2674 515 2725 erat
527 2649 770 2756 Wittebergae]

108 2793 159 2884 S.
187 2801 235 2880 D.
284 2803 423 2876 Literas
449 2818 603 2890 vestras,
642 2807 821 2878 carissime
851 2805 923 2893 fili,
959 2806 1106 2902 scriptas

109 2913 169 2982 die
184 2907 289 2980 tertio
303 2905 534 2996 Novembris,
556 2903 717 2980 exhihuit
740 2909 845 2980 nobis
866 2903 926 2982 hic
944 2903 1105 2980 Marchi-

110 3034 174 3082 cus
198 3009 347 3080 nuntius
367 3009 426 3080 die
448 3007 679 3098 catharinae,
705 3035 786 3082 cum
807 3011 994 3083 uobiscum
1015 3025 1106 3084 essct

121 3105 401 3198 nudantes,
434 3113 498 3208 qui
526 3107 598 3184 huc
628 3137 670 3186 ex
690 3109 927 3205 Heidelberga
950 3127 1104 3199 venerat,

116 3213 178 3282 cui
194 3213 326 3284 tradidi
354 3225 432 3286 tuas
454 3213 641 3308 epistolas,
669 3216 818 3306 scriptas
843 3217 888 3286 ad
913 3227 1049 3310 patrem
1069 3230 1105 3286 ct

119 3301 305 3391 Catulum.
364 3313 452 3388 Tibi
474 3341 558 3387 vero
583 3339 648 3410 pro
670 3313 874 3390 assiduitate
896 3331 932 3388 et
955 3315 994 3388 in
1016 3317 1105 3390 scri-

113 3417 253 3504 bendo,
283 3431 318 3489 et
342 3417 381 3486 in
403 3417 603 3490 domesticis
626 3417 769 3504 officiis,
800 3413 915 3490 habeo
944 3421 1104 3510 gratiam.

107 3515 191 3590 Etsi
213 3531 332 3592 autem
356 3541 539 3611 speramus
565 3519 659 3606 lore,
693 3534 734 3594 ut
761 3523 976 3592 concedatur
1000 3522 1104 3592 nobis

107 3621 213 3694 brevi
227 3621 363 3694 reditus
376 3623 421 3692 ad
438 3627 595 3694 nostros:
619 3633 737 3692 tamen
754 3617 871 3694 adhuc
885 3623 1105 3695 deliberatur

108 3725 155 3794 de
171 3721 278 3794 uobis
292 3724 501 3799 retinendis.
550 3721 701 3796 Redibit
720 3724 830 3814 igitur
842 3725 943 3796 brevi
957 3727 1104 3796 domum

107 3823 285 3916 Magister
305 3817 525 3924 Caspar'),
554 3824 585 3895 si
609 3849 676 3896 nos
700 3826 835 3900 diutius
859 3825 1105 3898 retinebimur.

107 3925 280 4018 Legimus
301 3921 411 3998 hodie
431 3923 594 4020 Elegiam
619 3919 907 4026 Sctossm·”),
938 3928 1105 4024 scriptam

108 4041 147 4102 et
161 4029 341 4121 eleganter
358 4041 393 4101 et
407 4029 485 4122 pie,
510 4031 555 4100 de
568 4053 645 4101 mea
667 4031 837 4122 coniuge,
862 4041 935 4102 ate
950 4031 1105 4104 missam.

109 4127 206 4202 Volo
231 4131 358 4222 igitur,
389 4144 424 4202 te
447 4131 480 4204 ei
506 4126 600 4202 hauc
622 4132 806 4226 epistolam
827 4135 1033 4214 ostendere,
1065 4145 1106 4204 ut

110 4233 219 4320 sciat,
241 4227 332 4302 mihi
348 4245 487 4323 gratum
502 4255 576 4306 esse
588 4235 744 4306 officium
760 4235 893 4328 ipsius,
918 4250 953 4308 et
967 4235 1105 4330 placere

108 4358 265 4406 carmen.
315 4331 406 4405 Nam
419 4347 455 4406 et
469 4329 582 4408 habeo
599 4335 631 4406 ei
646 4337 814 4429 gratiam,
840 4351 875 4410 et
891 4361 1010 4410 coram
1023 4360 1106 4434 gra-

107 4433 302 4510 titudinem
324 4437 519 4511 ostendam.
570 4435 703 4510 Filium
719 4427 981 4538 Casperumet
995 4451 1105 4510 totam

119 4707 348 4734 μυ...-

141 4821 286 4974 2)an
302 4855 378 4960 ule·
413 4897 583 4958 hauddubie
600 4902 723 4973 primum
742 4919 838 4960 meuse
857 4903 973 4960 seorsim
991 4905 1108 4979 proditu

179 4983 239 5030 tum
254 4985 350 5030 meuse
372 4971 461 5042 egitur
473 4971 501 5024 iu
514 4969 559 5024 10.
575 4968 726 5028 Schmun·
736 4973 894 5030 Carmiuum
910 4971 1004 5030 tltetto
1016 4973 1106 5044 (Wi-

178 5041 235 5100 teb.
254 5039 371 5096 ttaeret.
392 5037 505 5110 Georgii
524 5037 612 5094 libam
633 5041 708 5098 1558.
732 5039 771 5110 s)
796 5041 848 5099 l.it.
868 5043 892 5100 C
910 5041 938 5098 7.
956 5059 1000 5112 a..
1024 5043 1056 5098 it.
1076 5045 1105 5100 ic

179 5109 296 5180 a...
427 5107 551 5234 crr-
564 5109 875 5252 ιιιιιτιιιιιτι
887 5109 1106 5238 letter.-

179 5181 494 5330 ffipqqqqqqqnqqqiq
505 5177 656 5304 &lipereudi
671 5247 718 5304 riri
733 5199 1104 5324 attittppittetcaettto-

681 333 1116 464 EPISTOLARUM
1167 329 1402 412 Llthssl.
1457 329 1588 410 1⁵67.

2076 329 2153 404 878

1158 503 1338 580 omuibus.
1388 501 1487 576 Bene
1509 518 1545 576 et
1567 501 1718 578 lcliciter
1733 503 1822 576 vale.
1872 497 1927 576 Ex
1950 501 2039 574 urbe
2052 497 2154 570 Van·

1156 605 1317 698 qiouum.
1367 605 1436 682 Die
1453 601 1687 695 catharinae,
1707 605 1816 680 Auno
1838 601 1948 682 1667.

1164 811 1735 830 meum—*u—

1155 941 1224 1019 No.
1239 942 1356 1020 6407.

1163 1039 1335 1072 Μ

1994 805 2148 834 -τ--

2003 941 2154 1017 267701.

2009 1035 2150 1064 Μ

1482 1141 1539 1231 Ρ.
1563 1145 1826 1238 ‚Vincentio

1224 1329 1245 1394 †
1261 1325 1300 1382 u«
1311 1343 1405 1402 apogr.
1417 1325 1446 1382 iu
1459 1326 1523 1384 cod.
1534 1324 1622 1381 Paria.
1639 1322 1678 1381 D.
1691 1324 1725 1379 1..
1736 1321 1798 1378 ⁵⁴⁸.

1437 1475 1573 1553 Petro
1603 1477 1872 1556 Vincentio.
1945 1497 1952 1508 ·

1157 1617 1207 1707 S.
1232 1627 1279 1706 D.
1330 1627 1533 1704 Clarissime
1545 1632 1603 1702 vir
1618 1645 1653 1704 et
1668 1630 1785 1704 carisa.
1802 1631 1921 1705 irater.
1960 1629 2154 1728 Postquam

1157 1733 1308 1808 anobis
1339 1735 1576 1810 discesserunt
1608 1733 1762 1828 collegae
1795 1733 1928 1813 nostri,
1970 1735 2155 1811 mandavit

1156 1827 1513 1911 RexFerdinundus
1528 1836 1640 1907 literis
1654 1834 1807 1926 graviter
1822 1849 1855 1907 et
1869 1836 2049 1907 moderate
2063 1836 2152 1910 scri-

1157 1940 1247 2036 ptis,
1269 1951 1311 2012 ut
1332 1954 1452 2010 tamen
1473 1929 1676 2032 pertexatur
1696 1932 1861 2008 inchoata
1878 1937 2061 2010 doctrinae
2078 1939 2153 2009 col-

1157 2042 1255 2115 latio.
1304 2039 1449 2136 Nosque
1464 2064 1603 2132 semper
1617 2040 1855 2120 ostendimus,
1880 2061 1946 2110 uos
1959 2061 2034 2111 uon
2049 2041 2152 2110 desu-

1157 2159 1257 2217 turos
1269 2165 1343 2214 esse
1357 2144 1486 2217 officio.
1537 2142 1609 2214 Sed
1626 2142 1868 2234 antagonistae
1884 2142 2039 2212 fortassis
2053 2165 2155 2240 γνω-

1159 2249 1404 2341 σιμαχοῠντες
1430 2247 1593 2316 nondum
1626 2247 1667 2314 iu
1698 2256 1877 2315 certamen
1911 2244 2091 2316 redituros
2116 2267 2154 2314 se

1158 2371 1232 2420 esse
1258 2350 1531 2440 respondemnt
1592 2343 1830 2438 Expectamus
1862 2344 1972 2436 igitur
2004 2345 2152 2418 illomm
2198 2385 2202 2392 ·

1157 2449 1446 2544 responsionem,
1471 2473 1542 2542 qua
1564 2449 1704 2541 cognita
1727 2447 1898 2534 sciemus,
1922 2471 1968 2518 an
1984 2442 2075 2516 mihi
2093 2443 2155 2518 hic

1157 2553 1292 2626 diutius
1309 2545 1528 2622 haerendum
1546 2549 1602 2626 sit.
1653 2529 1858 2646 caspar-eni
1880 2572 1964 2620 vero
1982 2571 2153 2641 generum

1157 2656 1203 2726 ad
1225 2677 1288 2724 vos
1304 2655 1421 2725 redire
1438 2653 1580 2726 iubebo.
1631 2651 1729 2724 Haec
1743 2653 1837 2743 lcg'es
1851 2664 1887 2726 ct
1903 2653 2101 2724 reverendo
2117 2655 2154 2726 d.

1156 2755 1296 2828 Pastori
1322 2769 1355 2828 et
1376 2756 1458 2827 aliis
1479 2754 1611 2828 amicis.
1679 2753 1840 2826 Salutem
1861 2754 1964 2824 vobis
1984 2755 2155 2842 omnibus

1155 2871 1254 2951 opto.
1303 2855 1401 2930 Bene
1425 2859 1515 2934 vale.
1567 2859 1626 2930 die
1650 2851 1865 2930 Cetlmrinae
1895 2851 2004 2930 1557.
2032 2853 2153 2928 Wor-

1155 2961 1301 3036 mariae.

1900 3054 2101 3156 Philippus.

1178 3269 1308 3289 ψ

1155 3399 1222 3476 No.
1238 3397 1351 3474 6408.

1164 3495 1338 3528 ,Ν
1972 3401 2153 3528 ooo>

1536 3601 1785 3716 Scriptum.

1223 3761 1292 3822 rot.
1311 3759 1417 3820 man.
1437 3761 1484 3818 se
1502 3757 1536 3819 r.
1551 3759 1587 3816 n.
1605 3759 1702 3832 ..aas

1156 3913 1297 4020 Capite
1313 3915 1577 3992 controversiae
1590 3911 1634 3988 de
1646 3909 1786 4002 Coeno,
1806 3942 1922 3992 manu
1936 3913 2157 4023 Philippi

1302 4021 1440 4122 scripto
1456 4019 1497 4093 in
1515 4009 1704 4094 Conventa
1727 4015 1924 4100 Wormoc.
1937 4023 2002 4102 57.

1157 4157 1208 4246 St
1240 4187 1396 4266 ponetur
1427 4163 1643 4268 κατάκρισις
1667 4164 1751 4265 περὶ
1775 4165 1949 4246 dcimam
1987 4168 2151 4248 Primum

1157 4279 1322 4370 ponenda
1337 4291 1389 4348 est
1407 4273 1638 4358 affirmativa,
1664 4287 1705 4344 nt
1721 4275 1877 4366 conspici
1898 4275 2009 4368 possit
2024 4277 2153 4350 discri-
2193 4271 2199 4282 ’

1157 4401 1240 4448 men
1254 4379 1348 4450 inter
1363 4377 1541 4469 Papistas,
1566 4388 1600 4446 et
1617 4387 1774 4446 nostros:
1802 4375 2077 4464 Quaerendum,
2101 4403 2150 4450 an

106 4539 283 4612 familiam
311 4539 380 4612 fibi
406 4541 628 4614 commendo·
677 4539 838 4616 salutem
869 4555 955 4637 opto
984 4540 1107 4614 amieis
1156 4479 1377 4606 qcliutponi
1391 4473 1455 4549 has
1467 4475 1746 4572 propositiones:
1772 4480 1973 4570 προσκυνῶ
1988 4498 2029 4550 σε
2042 4477 2150 4570 θεὸν,

1157 4605 1250 4656 οντα
1271 4579 1313 4656 ἐν
1332 4579 1461 4678 ἅρτιρῖ
1510 4577 1608 4670 Quid
1626 4581 1671 4651 de
1684 4577 1893 4648 adoratione
1906 4593 1941 4652 et
1955 4579 2149 4676 circumge-

1157 4683 1310 4758 stetioue
1323 4681 1577 4754 sentiendum?
1597 4704 1644 4752 au
1660 4679 1773 4750 velint
1789 4679 1893 4750 deiici
1909 4679 1950 4752 iu
1965 4685 2152 4757 ventrem?

1157 4809 1205 4858 au
1221 4784 1334 4858 velint
1355 4785 1394 4856 iu
1410 4807 1502 4878 pane
1517 4779 1718 4855 contineri?
1748 4793 1810 4852 aut
1826 4783 1944 4874 potius
1960 4785 2044 4858 dato
2056 4809 2151 4880 pane
2258 4827 2263 4838 ·

1157 4882 1344 4960 exhiberi?
1375 4911 1422 4960 an
1437 4885 1549 4958 velint
1572 4907 1706 4980 ponere
1728 4877 1772 4956 τὸ
1797 4887 2018 4980 numqui?
2066 4889 2151 4961 ubi·

1156 4991 1328 5086 quitatem
1351 4987 1510 5082 corporis
1518 4983 1549 5082 ,)
1580 5009 1702 5057 annon
1723 4985 1826 5078 panis
1845 4985 1891 5060 sit
1912 4991 2146 5064 normania

1156 5091 1249 5163 usui
1289 5115 1336 5164 au
1360 5091 1473 5162 velint
1493 5089 1692 5183 approbare
1713 5087 1807 5160 dicta
1832 5087 1984 5186 (scilicet
2014 5086 2148 5166 War-

1152 5185 1284 5292 psalt,
1308 5208 1344 5267 et
1365 5192 1573 5286 similium,)
1602 5213 1669 5260 nec
1683 5184 1850 5277 Ethnici,
1875 5215 1939 5264 uec
1956 5189 2078 5266 ludaei
2093 5195 2150 5266 al·

179 5319 240 5386 eiu,
268 5315 459 5388 emaum
480 5318 769 5388 suetotonius,
799 5337 870 5393 qna·
897 5317 1103 5390 ttoootrta,
1154 5295 1279 5368 ficiunt
1303 5295 1439 5366 maiore
1462 5291 1687 5368 contumelia.
1749 5289 1856 5378 ltem,
1888 5289 2036 5386 phrasin
2057 5293 2147 5368 Bre-

179 5391 263 5444 Areo
275 5385 351 5440 1⁵⁵⁷.
365 5403 396 5440 u
408 5382 464 5442 hee
475 5383 530 5442 rita
542 5395 653 5444 ereata
665 5397 722 5456 est;
748 5407 800 5446 nee
820 5405 877 5444 nor
896 5387 925 5446 io
939 5387 984 5446 10.
997 5388 1103 5446 Schoe-

178 5457 240 5510 eerl
249 5453 538 5538 Polmettqffrapeot.
550 5455 584 5509 ad
602 5453 697 5540 Viadr.
712 5459 789 5516 1586.
805 5457 849 5530 8.)
873 5457 928 5517 bit.
940 5457 965 5518 C
976 5457 995 5514 6
1006 5459 1034 5516 le.
1042 5477 1103 5534 sqq.

176 5533 205 5580 et
218 5523 332 5580 tortasse
346 5525 408 5580 stus
418 5521 499 5582 locas.
532 5521 699 5594 [tanam]

1155 5419 1312 5468 mensem
1338 5393 1521 5496 (videlicet
1545 5389 1718 5468 lobannis
1738 5385 1939 5480 Timunni,
1972 5411 2008 5468 et
2029 5397 2146 5469 socio-

1153 5523 1235 5574 rum
1249 5499 1346 5584 eius,
1368 5497 1431 5596 qui
1446 5499 1591 5573 luerunt
1606 5497 1800 5570 adversarii
1811 5493 1858 5574 Ι).
1868 5491 2148 5600 Hardebergir).
