4754 6184
223 345 306 423 sss
798 281 1238 416 irremotam
1288 333 1395 414 nto.
1420 333 1521 414 sats.
1577 333 1709 418 csse.
2000 429 2005 436 ,
2205 341 2281 416 sao

228 519 409 608 Panisest
422 513 608 590 essentiale
622 533 751 608 corpus
766 505 920 585 Christi:
946 533 993 582 an
1007 510 1120 583 velint
1138 531 1225 581 con-
1278 503 1523 583 Screas‘ssimo
1545 519 1576 582 et
1599 506 1752 610 Inclyta
1765 503 1869 611 Regi
1883 501 2083 603 Poloniae,
2119 507 2151 586 S
2158 511 2231 612 igi
2237 540 2283 588 s-

232 625 374 696 lirmnre
395 619 640 692 crudelitatem
659 613 867 706 Anglicam,
894 627 929 685 et
952 613 1086 684 similes
1103 607 1227 683 iubae
1500 609 1667 686 mundo
1692 611 1903 713 Augusto
1936 615 1975 695 S.
2000 615 2046 692 D.

230 724 376 804 mussa?
398 722 579 818 quomodo
594 719 712 792 resisti
727 715 839 812 possit
852 715 1045 806 oblationi,
1068 715 1099 788 si
1113 737 1228 810 pona·
1987 731 1992 740 ·

231 843 293 900 ω,-
305 825 458 902 inclusi„
478 819 626 896 locans?
1278 773 1418 882 lnclyte
1440 798 1476 857 ct
1490 783 1722 858 serenissime
1734 783 1832 862 Rex:
1864 783 2100 858 Verissimum
2119 802 2174 862 est
2191 813 2285 860 eon-

1279 889 1517 959 servationem
1541 888 1717 962 societatis
1740 885 1919 962 humanae
1941 903 1976 960 et
1993 889 2188 979 legitimam
2204 890 2288 966 Re-

1134 1079 1138 1084 ·
1280 1013 1432 1084 gnosum
1454 991 1745 1063 constitutionem
1769 1005 1805 1064 et
1826 1015 1934 1086 opera
1949 987 2019 1062 Dei
2039 1015 2113 1062 esse
2126 1007 2164 1066 et
2179 995 2289 1066 testi-

1281 1093 1404 1162 monia
1420 1094 1465 1162 de
1480 1093 1677 1184 praesentia
1693 1091 1761 1164 Dei
1777 1093 1815 1172 in
1832 1117 1960 1184 genere
1973 1088 2144 1166 humano.
2181 1094 2288 1168 Haec

242 1231 298 1306 No
327 1226 429 1304 5409
1103 1239 1134 1302 2·
1153 1227 1229 1301 Deo·
1279 1216 1407 1284 magna
1420 1192 1488 1264 Dei
1509 1195 1680 1268 beneficia
1705 1196 1930 1270 considerare
1951 1195 2065 1267 virtus
2085 1211 2190 1270 estet
2205 1195 2287 1270 Deo

237 1281 452 1366 siv-L
651 1321 657 1329 ·
1101 1309 1230 1350 ‘'v-2
1281 1310 1377 1386 grata
1403 1310 1437 1366 et
1461 1297 1657 1368 necessaria
1681 1299 1726 1368 ad
1749 1299 1984 1370 reverentiam
1999 1295 2141 1388 Regum
2158 1315 2195 1372 et
2215 1297 2288 1370 lm.

542 1425 593 1513 H
623 1422 904 1537 Bupppngm
1170 1471 1173 1477 ,
1280 1398 1464 1492 periorurn
1490 1399 1676 1470 inanimis
1699 1399 1876 1478 alendam.
1942 1393 1998 1470 Εο
2027 1413 2147 1474 autem
2169 1405 2286 1494 magis

589 1486 601 1514 '
901 1487 919 1531 ⁹
1283 1513 1334 1572 est
1348 1501 1592 1572 venerandum
1609 1499 1775 1592 Regnum
1790 1501 2016 1588 Polonicnm,
2040 1503 2126 1596 quia
2141 1527 2286 1598 semper

338 1605 416 1679 iffi
433 1619 530 1677 apogr.
547 1601 577 1658 ³⁰
595 1600 659 1660 ⁶⁰³·
678 1598 766 1660 9⁸¹¹·-
782 1599 821 1658 Β·
833 1598 866 1657 L
885 1600 946 1658 ⁵⁴⁸·
1282 1624 1408 1673 munis
1439 1601 1508 1672 luit
1538 1604 1698 1699 reliquae
1718 1601 1885 1696 Europae
1912 1601 2084 1676 adversus
2108 1603 2285 1678 Tartaros

344 1757 448 1838 aasz.
466 1755 567 1838 ma.
591 1757 794 1834 usas..
817 1754 1119 1856 Meam·
1284 1701 2282 1904 bittitdiutili.l‘iitttttibtiitl

236 1901 285 1994 S.
310 1914 351 1989 P.
376 1911 422 1984 D.
472 1908 685 1983 Reverende
700 1909 755 1980 vir
770 1922 805 1982 et
818 1899 935 1983 caries.
951 1909 1069 1980 irater.
1121 1908 1232 2002 Saepe
1284 1922 1318 1977 et
1350 1909 1501 2000 patriam
1535 1910 1737 1979 domesticis
1771 1909 1875 1980 bellis
1900 1905 2127 1982 horribiliter
2150 1914 2272 1983 lacera·

239 2019 350 2092 recito
373 2036 516 2084 versum
532 2010 765 2084 Homericum
779 2007 832 2108 *):
868 2007 1005 2086 ἐσθλὸν
1026 2008 1090 2084 καὶ
1111 2007 1154 2084 τὸ
1174 2007 1233 2083 τέ·
1284 2023 1380 2088 runt.
1432 2008 1631 2099 Singularis
1652 2011 1763 2101 igitur
1786 2012 1966 2103 gratitudo
1989 2010 2153 2104 Regibus
2177 2013 2279 2086 Polo-

238 2143 370 2194 wsrtou
378 2169 390 2204 ,
423 2112 473 2190 ὅτ’
499 2113 654 2214 ἄγγελος
673 2113 804 2208 αἴσιμα
826 2108 907 2208 εἰδῇ
914 2165 927 2200 ,
959 2115 1134 2208 quianon
1150 2138 1232 2187 raro
1285 2111 1374 2182 nicis
1390 2123 1424 2182 et
1438 2109 1663 2185 nobilissimo
1679 2135 1788 2204 regno
1804 2113 1976 2185 Polonico
1993 2115 2157 2186 debetur.

239 2221 457 2294 nunciorum
473 2211 736 2315 ἀπειροκαλίαν
750 2215 921 2310 experior.
959 2215 1076 2288 Tuam
1093 2217 1233 2308 longio-

241 2349 316 2396 rem
333 2321 533 2415 epistolam,
552 2343 660 2414 quam
675 2317 877 2390 avidissime
895 2332 1048 2412 expecto,
1070 2322 1231 2390 nondum
1387 2316 1496 2408 Quod
1512 2339 1592 2388 cum
1608 2317 1759 2388 sentiam
1774 2317 1929 2388 vicissim
1944 2341 2028 2403 oro,
2051 2330 2092 2388 ut
2105 2315 2155 2396 R.
2175 2317 2232 2394 M.
2244 2317 2285 2396 V.

240 2426 369 2517 accepi.
429 2421 526 2494 Scito
555 2435 671 2494 autem
703 2435 836 2493 vestras
857 2420 978 2491 literas
998 2443 1126 2510 magna
1149 2445 1233 2492 cura
1286 2421 1477 2492 clementer
1492 2443 1585 2490 meas
1605 2421 1723 2490 literas
1737 2420 1905 2511 accipiat,
1931 2443 2019 2514 quas
2044 2421 2126 2490 dedi
2143 2415 2285 2494 Laelio

241 2526 405 2617 intercipi
422 2525 542 2596 ameis
555 2523 728 2610 inimicis,
754 2545 823 2619 qna
839 2521 878 2592 in
893 2518 933 2594 re
946 2523 1069 2594 sceleri
1088 2524 1234 2593 illorum
1285 2519 1435 2603 Sosius,
1463 2534 1546 2590 nato
1564 2522 1602 2590 in
1618 2522 1750 2590 familia
1766 2535 1903 2594 vetusta
1921 2519 2125 2594 Nobilitetis
2142 2525 2286 2597 Senen-

242 2632 388 2700 irascor.
440 2624 538 2718 lpsas
554 2649 638 2695 vero
655 2626 794 2710 literas,
820 2639 857 2696 et
874 2638 1019 2696 merset
1035 2637 1125 2709 tuas,
1153 2623 1235 2714 legi,
1286 2626 1352 2711 sis,
1378 2625 1452 2694 lilio
1466 2622 1651 2692 clarissimi
1666 2623 1735 2693 viri
1748 2617 1935 2694 Mariani
1949 2617 2082 2697 Sosins'
2099 2623 2286 2700 iuriscon-

242 2757 320 2802 non
342 2729 555 2820 aegrefero.
607 2726 706 2816 Quid
730 2728 825 2810 enim
849 2726 1050 2812 continent,
1082 2725 1153 2797 nisi
1176 2727 1234 2820 pia
1287 2726 1388 2812 sulti,
1414 2725 1477 2819 qui
1492 2746 1604 2794 annos
1618 2725 1770 2818 amplius
1784 2726 2018 2820 quadraginta
2034 2723 2285 2802 luris·doctri·

244 2832 423 2926 colloquia
441 2843 475 2900 et
491 2827 766 2920 significationes
781 2828 902 2920 magni
918 2829 1071 2913 doloris,
1097 2853 1168 2924 quo
1183 2829 1235 2897 al·
1286 2853 1370 2900 narn
1399 2827 1591 2898 multarum
1621 2827 1780 2916 gentium
1809 2823 2017 2898 bominibus
2047 2831 2221 2917 tradidit,
2253 2847 2281 2904 et

242 2937 383 3006 finimur
403 2945 547 3026 propter
570 2932 716 3002 dissidia
737 2931 879 3024 publica
901 2945 936 3002 et
956 2945 1101 3026 propter
1123 2934 1237 3002 κολα·
1286 2929 1406 3000 multa»
1430 2927 1570 3017 negotia
1598 2929 1845 3000 eruditissimis
1869 2930 2027 3000 consiliis
2051 2933 2157 3010 rexit.
2218 2931 2278 3002 Hie

244 3033 344 3118 αείας
364 3035 590 3118 docentium,
615 3034 677 3127 qui
699 3035 888 3106 stabiliunt
910 3033 1025 3120 idola,
1050 3045 1085 3104 et
1099 3033 1235 3102 rabiem
1287 3023 1449 3102 Laelius
1465 3053 1544 3100 cnm
1560 3028 1603 3100 ad
1621 3043 1806 3124 paternum
1823 3033 1980 3104 studium
1995 3055 2032 3103 se
2046 3049 2270 3128 praepararet,

244 3137 451 3233 pontificum
475 3136 709 3207 confirmant?
759 3128 894 3206 Lelius
914 3135 1091 3206 bonafide
1109 3147 1238 3206 tuaset
1288 3148 1330 3205 ut
1351 3134 1451 3224 prius
1472 3133 1587 3202 fontes
1608 3147 1851 3222 cognosceret,
1875 3135 2008 3206 scilicet
2030 3133 2090 3206 lus
2106 3137 2273 3220 divinum,

244 3235 381 3310 tascii
399 3241 520 3310 literas
540 3233 629 3306 mibi
652 3229 824 3310 exhibuit.
874 3233 930 3307 Ac
948 3239 1151 3334 nequidem
1166 3235 1236 3307 La·
1290 3236 1448 3316 studiose
1475 3233 1560 3323 legit
1590 3233 1702 3304 libros
1726 3233 2022 3328 Propheticos·et
2043 3233 2277 3330 Apostolicos,

245 3344 387 3418 arianae
407 3341 604 3435 quidquam
626 3331 822 3440 ἀξιόλογον
843 3339 1077 3438 continebant
1100 3353 1237 3436 praeter
1288 3361 1441 3433 quorum
1463 3336 1617 3406 lectione
1638 3337 1811 3408 divinitus
1833 3339 1872 3408 in
1892 3341 1967 3408 eins
1984 3355 2124 3431 pectore
2141 3364 2280 3412 accensa

246 3443 417 3540 querelas.
477 3439 593 3512 Ardet
621 3439 773 3512 Polonia
808 3445 933 3512 eodem
963 3441 1133 3524 dissidio,
1164 3465 1236 3536 quo
1288 3451 1342 3510 est
1368 3461 1450 3508 vera
1474 3433 1542 3508 Dei
1575 3439 1721 3529 agnitio.
1779 3438 1833 3510 Ac
1863 3454 1904 3512 ut
1933 3443 2062 3513 certius
2086 3457 2121 3514 et
2146 3443 2281 3514 firmius

244 3551 372 3617 misera
389 3543 583 3615 Germania
606 3545 723 3630 ardet,
748 3559 785 3614 et
807 3545 991 3638 aliquanto
1008 3559 1087 3638 post
1101 3557 1238 3615 utram·
1289 3541 1463 3612 iudicium
1499 3553 1608 3631 esset,
1647 3541 1809 3612 adiunxit
1842 3539 2025 3615 Hebraeae
2058 3557 2093 3615 et
2125 3543 2283 3617 Graecas

246 3675 314 3742 que
338 3648 518 3739 regionem
542 3663 700 3716 arsuram
721 3671 794 3717 esse
812 3647 914 3720 bellis
928 3643 1090 3717 'l'ureicis
1105 3659 1236 3716 metuo.
1290 3643 1432 3733 linguae
1450 3641 1700 3732 cognitionem.
1752 3641 1903 3738 Propter
1923 3637 2009 3716 haec
2030 3647 2149 3717 studia
2166 3649 2285 3740 prole·

244 3751 436 3822 l'reeemur
460 3762 580 3820 autem
601 3749 714 3818 filium
734 3747 817 3834 Dei,
851 3763 892 3820 ut
913 3761 946 3817 et
961 3743 1140 3818 Ecclesiae
1156 3747 1238 3817 vul·
1290 3759 1367 3816 ctus
1390 3745 1428 3813 in
1445 3740 1693 3829 Germaniam,
1727 3769 1864 3818 mecum
1886 3747 2041 3839 amplius
2056 3750 2218 3820 triennio
2234 3751 2285 3819 vi·

247 3877 331 3922 uera
354 3864 473 3934 sanet,
496 3865 529 3918 et
545 3851 664 3944 aliqua
679 3845 826 3922 honesta
842 3845 997 3941 hospitia
1015 3866 1142 3922 servet.
1197 3848 1237 3919 ln
1289 3847 1359 3934 xit,
1390 3843 1641 3946 fuitqueumihi
1667 3847 1742 3918 eius
1765 3852 1983 3920 consuetudo
2003 3865 2150 3944 propter
2174 3853 2285 3946 ipsius

246 3953 426 4047 colloquio
450 3945 618 4022 inchoato
642 3953 678 4021 in
702 3953 789 4024 urbe
809 3951 1035 4044 vangionum
1050 3967 1131 4050 post
1145 3977 1237 4048 sepo-
1290 3948 1551 4032 eruditionem,
1580 3949 1765 4040 pietatem,
1791 3952 2036 4043 prudentiam,
2061 3955 2160 4026 etin
2185 3953 2284 4024 omni

248 4057 351 4149 οίμια
374 4053 567 4124 adversarii
583 4058 910 4151 γνωσιμαχοῦντες
926 4054 964 4123 in
981 4071 1157 4126 certamen
1181 4079 1240 4124 re·
1290 4051 1407 4122 allicio
1427 4049 1638 4119 modestiam
1662 4067 1834 4143 pergrata.
1884 4049 1998 4126 Estet
2013 4047 2195 4146 hetereius
2215 4058 2286 4126 vir-

247 4161 328 4228 dire
341 4157 547 4227 noluerunt.
585 4153 788 4227 Benevale.
826 4155 984 4229 Salutem
1000 4158 1102 4230 vobis
1120 4159 1239 4228 omni·
1291 4167 1348 4225 tus
1369 4150 1535 4244 inprimis
1552 4151 1657 4242 digna
1676 4153 1798 4241 laude,
1830 4157 2286 4248 quodal'uriosisetiana·

247 4263 317 4330 bus
329 4271 426 4351 opto.
451 4253 526 4330 Cal.
543 4253 709 4328 Decemb.
924 4267 929 4275 '
1291 4252 1370 4327 ticis
1398 4252 1628 4342 opinionibus
1656 4254 1793 4326 alienus
1815 4270 1877 4334 est.
1932 4255 2024 4330 Cum
2045 4273 2166 4331 autem
2191 4285 2288 4332 nunc

1291 4369 1435 4426 mortuo
1451 4369 1550 4447 patre
1566 4351 1817 4429 haereditatem
1833 4371 1944 4449 petat,
1971 4361 2168 4453 impeditur
2183 4387 2204 4433 a
2218 4361 2287 4459 Sy-

250 4505 1234 4536 -.ww-...mmm
1292 4452 1480 4550 cophantis
1503 4457 1775 4552 inquisitoribus
1796 4475 1942 4552 propter
1956 4477 2113 4534 nostram
2131 4466 2288 4536 familia-

1291 4559 1445 4635 ritatem.
1496 4557 1616 4646 Quare
1638 4562 1682 4631 ad
1701 4559 1749 4633 R.
1767 4559 1812 4636 V.
1828 4561 1882 4640 M
1906 4565 2097 4653 confugere
2115 4566 2286 4642 decrerit.

258 4683 462 4761 llo-6410.
1104 4694 1227 4774 ΗΜ
1293 4661 1368 4734 Nec
1391 4683 1466 4730 rem
1491 4661 1660 4732 iniustam
1681 4677 1742 4734 aut
1762 4663 1940 4736 difficilem
1963 4668 2066 4763 petit.
2132 4665 2228 4741 Orat
2250 4693 2286 4740 se

254 4785 467 4822 m
1097 4791 1239 4822 w*
1292 4761 1427 4852 Regiae
1450 4760 1504 4836 M.
1521 4761 1564 4837 V.
1585 4763 1698 4834 literis
1722 4767 1877 4856 numini,
1913 4783 1955 4840 ut
1976 4771 2014 4839 in
2038 4772 2128 4844 urbe
2149 4769 2285 4842 Veneta

460 4877 765 5003 sigismundi,
795 4874 1028 5007 Aagmw·
1292 4879 1464 4986 tanquam
1491 4865 1653 4984 minister
1679 4863 1725 4938 R.
1747 4865 1801 4986 M.
1819 4867 1863 4940 V.
1885 4893 2028 4992 securus
2055 4897 2130 4944 esse
2162 4875 2285 4967 possit.

1045 5015 1050 5022 -
1293 4965 1394 5038 Talis
1407 4980 1524 5037 erstem
1541 4981 1591 5037 est
1605 4969 1780 5040 industria
1797 4984 1832 5040 et
1846 4969 1930 5042 fides
1945 4997 2037 5062 esus,
2061 4991 2102 5048 nt
2118 4973 2166 5052 R.
2180 4975 2233 5052 M.
2244 4977 2286 5044 l'.

239 1065 527 1088 mun-tunm

312 5072 402 5146 apat.
422 5069 473 5127 ttb.
485 5065 533 5128 vt.
547 5071 653 5196 &aas
680 5071 783 5130 teman
800 5073 828 5130 tn
842 5071 881 5134 to.
898 5077 954 5134 tae.
966 5075 1070 5132 Moneri
1084 5075 1237 5142 ttisesttm·
1294 5069 1335 5140 in
1356 5067 1594 5159 legationibus
1618 5085 1653 5143 et
1667 5071 1790 5142 multis
1804 5076 1956 5164 negotiis
1970 5079 2051 5147 usui
2066 5101 2140 5174 esse
2156 5081 2284 5173 possit;

352 5139 437 5196 treta.
452 5140 487 5202 tt.
505 5159 533 5214 p·
1294 5171 1501 5264 praesertim
1518 5195 1598 5242 eum
1615 5172 1718 5242 Italia
1735 5174 1768 5242 ei
1784 5189 1868 5244 nota
1884 5177 1941 5254 sit.
1980 5175 2205 5252 Reverenter
2220 5181 2285 5270 igi-

1187 5267 1190 5276 *
1293 5285 1354 5344 tur
1375 5297 1440 5343 oro
1461 5269 1508 5345 R
1528 5271 1642 5350 MV.
1660 5287 1703 5346 nt
1725 5275 1831 5366 talem
1856 5277 1972 5350 virum
1997 5282 2192 5374 supplicem
2215 5285 2285 5354 cle-

283 5381 311 5448 η
333 5377 414 5437 lton.
433 5373 510 5437 ttiad.
530 5373 569 5434 α’.
587 5377 646 5434 tot.
765 5449 768 5452 ¹
1296 5389 1433 5447 menter
1447 5387 1597 5451 tueatur.
1650 5373 1797 5450 Calend.
1813 5375 1998 5460 Deeembr.
2014 5381 2124 5460 Anno
2142 5381 2246 5460 1⁵57.
