4738 6186
254 301 327 382 691
806 289 1247 385 releroualtuur
1295 287 1404 367 utu.
1430 287 1535 370 1111.
1586 287 1718 368 155⁸.
2196 305 2250 386 692

259 472 361 568 quasi
375 471 522 566 pingere
537 469 1002 563 etrepraeeentareproprio
1018 483 1053 541 et
1066 469 1256 563 perspicuo
1307 462 1467 536 minibus
1502 463 1675 536 orationis
1709 462 1911 538 existimas?
1966 464 2072 543 literas
2109 475 2138 544 si
2163 477 2252 554 duceri

260 575 436 648 sermonis
452 597 600 666 genere,
624 595 694 666 qua
707 571 795 647 inre
807 574 1258 669 numeraboravinmagna
1309 591 1410 660 posue
1427 561 1590 637 homiues
1611 567 1725 640 credis
1739 562 1808 640 hoc
1826 591 1955 659 genere
1967 573 2177 666 disputandi,
2202 609 2252 680 qua

262 681 295 752 ei
311 679 482 752 varietate
497 677 598 771 quasi
614 677 794 756 colorum,
820 677 1032 764 verborum,
1066 681 1259 752 sententia-'-
1307 665 1938 758 ioiilissboiiiu⁸ol1⁰li³ul¹1uiur‚
1969 679 2063 769 quod
2079 701 2146 748 non
2166 685 2252 758 solun

262 801 345 854 rum
370 795 413 867 ¹et
437 781 652 870 figurarum,
683 779 839 872 denique
865 778 974 862 etiam
1003 793 1079 852 arte
1106 785 1259 875 quadam
1308 773 1479 865 populus,
1505 773 1623 844 sedne
1638 774 1708 864 ipsi
1722 774 1866 868 quidem
1883 776 2029 863 initiati,
2052 781 2147 853 ntitu
2159 785 2254 878 dican,

263 908 354 977 opus
375 883 460 969 erit,
492 896 533 953 ut
554 907 617 974 ego
644 882 790 976 quidem
813 891 950 968 statuo,
980 885 1094 954 multo
1113 887 1268 972 maiore,
1309 877 1405 946 iulet·
1427 897 1503 946 ΜΘ
1521 875 1739 966 intelligunt.
1790 873 1937 948 Etenim
1960 893 2034 950 non
2055 883 2159 954 solum
2174 910 2254 976 genus

262 1011 370 1080 quam
402 984 638 1056 consummati
668 997 704 1056 et
724 983 869 1075 perfecti
892 982 1044 1054 Pictoris
1066 1009 1124 1056 ars
1144 1003 1259 1078 potest
1310 979 1502 1049 vorborum
1517 1001 1651 1050 uotum
1668 993 1737 1065 ‘Sis
1761 993 1796 1052 il
1808 981 1969 1070 igss⁰il¹¹1¹
1985 986 2130 1075 P⁰Plil⁰2
2155 992 2205 1060 iol
2222 995 2256 1064 ilo

263 1111 336 1160 esse
356 1087 440 1158 ulla.
500 1084 593 1158 Tota
615 1086 725 1176 igitur
745 1086 851 1157 nobis
872 1087 916 1155 de
939 1087 1150 1160 definitione
1171 1115 1259 1162 con.
1309 1083 1456 1153 confusa
1468 1094 1552 1152 sunt
1566 1081 1706 1168 omnia,
1737 1094 1778 1152 nt
1794 1085 1892 1155 velut
1908 1085 1947 1153 in
1967 1085 2160 1180 labyrintho
2170 1115 2256 1188 neque
2310 1143 2311 1146 ,

262 1190 435 1267 troversia
459 1202 530 1275 est,
564 1190 652 1283 quid
677 1189 723 1261 sit
745 1181 981 1282 Eloquentia,
1012 1205 1074 1262 aut
1095 1208 1188 1266 certe
1214 1197 1260 1265 de
1310 1183 1413 1254 initia
1428 1208 1546 1276 neque
1560 1186 1673 1258 exitus
1687 1205 1809 1256 rernm
1822 1181 2038 1279 deprehendi
2053 1193 2184 1282 possint.
2224 1193 2255 1268 llt
2310 1229 2311 1262 r

262 1294 354 1378 bne,
381 1315 494 1385 »quern
517 1294 560 1362 ad
585 1315 689 1363 usum
714 1285 923 1362 homiuibus
939 1289 1155 1387 Eloquentia
1172 1321 1259 1368 eon.
1309 1286 1461 1357 subinde
1475 1288 1614 1376 fingunt
1629 1311 1722 1358 nova
1736 1311 1777 1358 ac
1799 1290 2004 1380 prodigiosa
2019 1295 2146 1363 somnia
2159 1310 2189 1366 et
2199 1323 2254 1367 ver·

263 1419 358 1466 cessa
382 1395 437 1465 sit.
489 1391 565 1464 Hac
587 1396 714 1480 dere,
746 1409 787 1464 ut
810 1395 973 1464 omittam
995 1421 1035 1465 ea
1061 1421 1156 1492 quae
1176 1414 1260 1472 sunt
1310 1390 1438 1458 borum
1464 1403 1648 1478 limonio,
1681 1390 1812 1482 quibus
1835 1416 1914 1462 cnm
1935 1416 1993 1463 res
2013 1395 2125 1469 nullae
2141 1399 2254 1486 subsint

262 1499 358 1588 apud
391 1491 585 1581 Rhetores,
626 1520 852 1566 communem
888 1519 1033 1568 sensum
1070 1503 1259 1582 consulito,
1309 1491 1459 1582 intelligi
1477 1487 1570 1560 nibil
1587 1505 1711 1583 potest.
1762 1491 2014 1564 Palsnmenim
2031 1511 2097 1583 est,
2118 1496 2253 1572 ut-Philo-

168 1631 172 1638 ·
262 1613 325 1670 aut
345 1610 438 1670 certe
460 1593 763 1690 Philosophorum
778 1597 980 1690 Principes,
1008 1595 1206 1673 Platonem
1225 1619 1260 1676 et
1309 1589 1411 1684 lophi
1429 1595 1553 1666 dicuni
1568 1586 1840 1688 ἀκατάληπτον·
1891 1595 2018 1692 lisque
2029 1620 2125 1692 saepe
2139 1627 2204 1671 eum
2215 1605 2252 1674 iu-

261 1695 513 1782 Aristotelem,
547 1725 701 1794 quorum
724 1701 815 1773 alter
837 1704 875 1771 in
893 1693 1068 1773 Phaedro
1083 1707 1259 1797 sapienter
1309 1708 1363 1764 lor
1379 1719 1416 1765 ὅθ
1433 1697 1615 1783 rixantur,
1637 1695 1759 1768 videro
1776 1699 1859 1768 licet
1874 1699 2085 1790 iP⁵i⁸⁵i¹uou¹
2103 1705 2248 1794 iuugiuuo

177 1861 179 1866 .
260 1819 294 1874 et
329 1804 471 1892 copiose
499 1803 674 1894 disputat,
707 1817 742 1873 et
780 1805 865 1895 quid
890 1804 936 1873 sit
959 1799 1193 1900 Eloquentia,
1225 1823 1259 1879 et
1310 1798 1565 1884 illiusiudicii,
1594 1803 1639 1870 de
1663 1823 1734 1892 quo
1760 1804 2073 1891 estproverbiurn:
2103 1801 2248 1902 dvoaoiop

259 1931 366 2000 quam
384 1907 577 1976 necessaria
593 1906 639 1975 sit
655 1907 699 1973 ad
721 1906 862 1975 divinas
877 1917 911 1974 et
930 1901 1103 1979 humanas
1124 1935 1180 1980 res
1199 1937 1259 1982 ex·
1308 1893 1699 1997 tltioxwposiuoivouo·
1749 1897 2250 2001 Erqnoniam'quaedampiaa
2310 1933 2311 1980 l

258 2009 455 2100 plicaudas.
508 2004 724 2102 Quanquam
741 2002 838 2078 haud
853 2007 944 2088 scio,
972 2033 1017 2078 an
1033 2009 1183 2083 Barbari
1197 2015 1258 2086 isti
1308 2027 1389 2090 rae,
1423 2019 1529 2098 atque
1556 1999 1793 2100 Eloquentiae
1821 2007 2022 2079 similitudo
2054 2025 2101 2081 est
2122 2011 2250 2101 (uteuin
2310 1993 2311 2014 l

257 2136 304 2180 ne
321 2111 440 2180 locum
457 2109 600 2202 quidem
616 2112 702 2178 dent
717 2099 875 2180 Platoni
893 2110 987 2182 iuter
1002 2107 1257 2209 Philosophos:
1307 2107 1443 2198 Pioiul'o
1465 2107 1626 2177 imiiolur
1649 2130 1795 2200 corpus,
1829 2106 1878 2178 iio
1902 2113 2248 2204 oroiiopiugitotuti
2310 2171 2311 2176 η

260 2211 331 2284 Sed
346 2205 562 2282 Aristoteles
580 2203 980 2284 inRheloriciseadem
999 2217 1134 2288 scribit.
1185 2219 1257 2290 De.
1307 2210 1359 2278 dit
1380 2211 1492 2280 animi
1516 2205 1724 2304 sententias)
1745 2211 1902 2280 libenter
1919 2213 1966 2283 ab
1990 2215 2051 2283 illa
2067 2232 2135 2288 arte
2147 2232 2247 2285 mutua·
2310 2201 2311 2220 l

258 2307 772 2410 finiuntigiturEloquentiam
789 2311 1258 2410 hiPhilosophorumPrin-
1306 2335 1388 2384 mur
1405 2312 1574 2406 exemplo·
1627 2311 1769 2403 Quaeso
1786 2325 1819 2382 lo
1833 2335 1920 2384 uum
1935 2316 2109 2388 eiusmodi
2121 2318 2246 2412 pirtursu

258 2419 369 2509 cipes,
403 2417 475 2488 viru
494 2439 567 2486 esse
580 2417 755 2496 divinitus
770 2413 957 2490 hominum
975 2422 1096 2510 generi
1111 2447 1257 2495 eonces-
1306 2415 1460 2506 probare
1479 2415 1613 2507 possis,
1641 2417 1680 2486 in
1703 2439 1771 2508 qua
1788 2415 1924 2486 formae
1945 2421 2110 2493 confusae
2129 2445 2163 2490 ae
2179 2441 2245 2488 nou·

258 2543 352 2601 sam,
385 2535 425 2592 ut
447 2520 494 2590 de
518 2519 658 2610 magnis
679 2533 713 2591 et
735 2522 942 2593 necessariis
956 2524 1081 2610 rebus,
1107 2528 1152 2596 de
1171 2529 1257 2598 reli.
1306 2534 1437 2590 strosae
1451 2514 1545 2588 nihil
1562 2521 1647 2590 certi
1666 2520 1863 2606 significant
1878 2533 1939 2610 aut
1956 2524 2143 2594 ostendunt
2155 2535 2251 2614 specta.
2310 2519 2311 2568 l

256 2624 444 2710 gionibus‚
477 2624 521 2692 de
542 2647 661 2694 rerum
679 2617 884 2695 coelestium
906 2627 1176 2718 atquealierum
1190 2655 1257 2702 na·
1305 2620 1400 2690 tori?
1451 2621 1575 2692 Talem
1607 2624 1764 2692 lohuloiu
1796 2621 1878 2713 quis
1900 2636 2022 2714 posset
2045 2649 2147 2720 aequo
2165 2625 2236 2694 ooioo

256 2739 358 2810 tura,
384 2723 578 2796 deiureac
597 2725 749 2810 iustitia,
779 2730 824 2798 de
844 2725 945 2798 omni
966 2729 1108 2802 virtutis
1125 2733 1257 2820 officio,
1304 2722 1484 2814 aspicere?
1533 2723 1753 2796 similimum
1786 2737 1905 2796 ouium
1931 2743 1988 2801 out
2017 2723 2100 2800 huie
2125 2726 2233 2820 pioluot

255 2828 401 2919 proprie
420 2851 459 2900 ae
475 2825 661 2920 perspicue
677 2830 804 2899 doecre
819 2831 881 2900 alii
894 2829 984 2904 alios
999 2833 1149 2924 possint.
1181 2833 1255 2908 Nec
1305 2849 1414 2915 genus
1428 2827 1572 2896 dicendi
1587 2825 1626 2895 in
1641 2823 1822 2899 Barbarie.
1850 2825 1933 2902 ,Sed
1948 2847 1992 2904 ut
2008 2830 2105 2900 illius
2116 2841 2234 2900 monstro

257 2930 335 3000 sine
358 2951 462 3000 causa
490 2931 625 3000 dictum
647 2944 699 3000 est
722 2926 885 3004 homines
914 2947 995 3004 ante
1017 2937 1193 3028 dispersos
1215 2963 1255 3008 ae
1304 2951 1363 2997 ⁵²0
1394 2929 1553 3018 picturae
1584 2931 1706 3001 nullus
1732 2942 1784 3000 ool
1817 2952 1920 3015 ⁸⁸⁰⁵,
1958 2933 2011 3005 ilo
2038 2931 2120 3004 liuto
2140 2934 2232 3003 obseura

255 3033 488 3121 vagabundos
508 3033 547 3104 in
571 3035 664 3124 agris
680 3029 900 3128 Eloquentia
922 3053 1151 3126 congregatos
1170 3063 1255 3121 esse,
1304 3029 1437 3114 oratio,
1469 3057 1576 3124 quom
1603 3027 1709 3106 habet
1730 3033 1919 3104 utilitatem
1936 3033 1978 3104 in
1996 3029 2182 3130 Republica-⁷
2200 3028 2224 3094 io

255 3135 415 3206 civitates
437 3135 617 3222 conditas,
647 3133 750 3222 lura,
784 3139 975 3226 religiones
996 3141 1171 3228 legitimas
1185 3167 1255 3212 nu·
1305 3133 1473 3201 docendis
1496 3129 1728 3206 homiuibus?
1768 3134 1807 3204 in
1834 3140 2003 3226 regendis
2025 3154 2059 3211 et
2081 3128 2227 3229 expliuolii

253 3237 369 3328 ptias,
402 3251 437 3308 et
457 3254 592 3312 caetera
614 3237 791 3308 societatis
818 3233 1151 3312 humanaevincula
1168 3269 1256 3313 con·
1304 3223 1563 3323 religionibus?
1603 3236 1641 3306 in
1660 3237 2049 3312 iudiciisexercendis?
2087 3229 2233 3328 deniquii

255 3340 378 3414 stituta
396 3365 480 3413 esse.
533 3337 630 3409 Haec
652 3339 747 3408 enim
765 3343 923 3430 profecto
938 3356 1106 3414 tenentur
1120 3346 1255 3416 oratio-
1286 3331 1369 3406 'luo
1398 3349 1470 3408 lota
1497 3339 1569 3409 vita
1600 3341 1743 3430 publice
1772 3363 1814 3410 ae
1841 3341 2013 3431 privatim
2045 3327 2236 3437 guberooolll

257 3465 303 3512 ue
327 3441 365 3510 in
386 3441 602 3514 civitatibus.
651 3437 754 3512 Hanc
779 3443 850 3512 vim
883 3446 1061 3530 divinam,
1095 3461 1165 3516 tam
1190 3473 1257 3518 ne·
1305 3437 1425 3528 Quare
1441 3443 1696 3514 constituamus
1711 3445 1746 3513 id
1765 3444 1861 3536 quod
1881 3466 1938 3512 res
1959 3461 2031 3533 est,
2059 3441 2238 3522 elocutionem

257 3545 445 3614 cessariam
474 3539 634 3613 humano
661 3545 802 3631 generi,
839 3542 932 3617 nihil
972 3562 1136 3638 putemus
1170 3575 1254 3636 esse,
1303 3566 1379 3611 uoo
1392 3567 1466 3614 osse
1481 3544 1623 3615 iuuuom
1638 3548 1795 3630 cultum,
1820 3546 1881 3614 sed
1894 3536 2128 3624 ¹necessarium
2140 3545 2175 3613 ad
2187 3557 2241 3608 uu·

257 3645 327 3718 nisi
342 3647 467 3716 ludum
484 3669 524 3716 ac
539 3645 764 3738 praestigias,
791 3653 1090 3741 quemadmodum
1106 3654 1255 3724 scribis?
1304 3668 1358 3714 suo
1374 3647 1493 3715 omnis
1508 3653 1646 3736 generis
1661 3673 1742 3720 vere
1755 3673 1794 3718 uo
1808 3647 1953 3741 proprie
1967 3649 2181 3746 explicamu-
2208 3634 2242 3707 li

257 3743 336 3837 Ego
361 3773 444 3818 vero
468 3771 543 3816 non
563 3747 691 3818 dubito
714 3749 981 3839 ingratitudinis
1000 3768 1106 3848 atque
1126 3755 1254 3847 impie·
1303 3742 1472 3819 Rhetoris
1487 3773 1580 3836 esse,
1604 3749 1678 3822 non
1694 3766 1735 3823 ut
1753 3764 1791 3822 tu
1806 3751 1913 3836 dicis,
1943 3753 2067 3826 ludere
2082 3776 2118 3825 ac
2132 3737 2245 3821 mentiri,

258 3851 342 3922 tetis
368 3873 532 3918 accusare
553 3872 696 3934 omnes,
733 3853 794 3944 qui
823 3849 1060 3946 Eloquentiae
1085 3858 1252 3930 beneficia
1303 3851 1364 3918 sod
1385 3853 1430 3919 do
1450 3853 1614 3924 maximis
1637 3854 1743 3924 robus
1765 3877 1847 3922 voro
1869 3857 1997 3928 liotore
2017 3853 2178 3934 homines,
2202 3839 2245 3936 ‘Pl
2310 3885 2311 3906 l

259 3975 336 4020 non
359 3964 564 4038 agnoscunt.
614 3949 733 4045 Atque
750 3955 804 4023 illi
826 3956 895 4046 ipsi
908 3953 1138 4050 Philosophi,
1164 3986 1254 4054 quo·
1303 3953 1367 4022 etsi
1391 3953 1571 4024 interdum
1591 3957 1630 4027 in
1650 3951 1856 4027 difficilibus
1880 3959 2014 4048 causis,
2041 3963 2141 4048 figetur
2160 3949 2246 4038 alilii
2310 3959 2311 3968 ¹

260 4075 340 4120 rum
364 4072 493 4142 sequor
523 4055 766 4137 autoritatem,
796 4059 991 4132 admonent
1020 4060 1059 4130 in
1092 4063 1253 4134 obscuris
1302 4056 1433 4141 utitur,
1455 4072 1489 4128 et
1505 4072 1545 4130 ut
1559 4072 1621 4131 tuo
1636 4059 1861 4145 utar-verbo,
1885 4061 2018 4151 decipit
2031 4063 2203 4134 auditores,
2222 4044 2245 4112 ii

261 4167 295 4224 et
311 4153 479 4242 gravibus
503 4156 616 4225 causis
638 4159 854 4247 explicandis
875 4185 964 4252 opus
984 4183 1074 4249 esse,
1103 4189 1178 4234 non
1194 4187 1254 4236 so·
1302 4182 1378 4227 uou
1399 4159 1579 4232 miuuuod
1596 4161 1751 4233 offitium
1769 4163 1844 4232 eius
1858 4163 1926 4232 Viri
1942 4165 2109 4255 Perliuola
2140 4149 2246 4251 quido·

260 4255 336 4326 lum
354 4257 542 4345 Prudouiio
566 4281 709 4347 magna,
744 4285 834 4354 quae
858 4279 915 4332 res
932 4265 1043 4336 bonas
1060 4269 1253 4357 praevidet,
1302 4261 1353 4328 mi
1375 4259 1609 4353 Respublicas
1630 4265 1822 4352 gubernat,
1855 4289 1960 4359 quam
1977 4269 2023 4336 ad
2038 4266 2246 4357 Imperatorem

262 4359 323 4426 sed
348 4357 453 4428 etiam
475 4361 531 4429 via
555 4364 708 4454 quadam
732 4378 767 4434 et
785 4365 924 4436 ratione
938 4369 1108 4450 docendi,
1143 4383 1252 4462 erge-
1301 4363 1456 4453 Poriiuul
1481 4380 1555 4435 urle
1584 4361 1702 4437 hostes
1727 4365 2000 4443 'circumvenire
2055 4367 2152 4438 Hono
2178 4353 2247 4426 essim

261 4463 545 4546 neresermonis,
572 4466 667 4556 quod
684 4488 757 4551 res,
783 4469 1149 4561 dequibusdicimus,
1174 4475 1253 4565 pla·
1302 4465 1440 4550 Virum,
1467 4469 1530 4560 qui
1561 4471 1605 4539 do
1634 4468 1741 4538 bouis
1768 4493 1808 4538 oo
1830 4471 2035 4542 uooeoooriis
2057 4471 2153 4540 uelim
2171 4467 2248 4532 ‘⁸⁰¹²’

260 4585 307 4629 ne
329 4585 503 4652 exponere
528 4578 562 4635 et
582 4568 755 4638 subiicere
776 4571 889 4642 oeulis
915 4567 1100 4645 homiuum
1131 4577 1253 4666 possit.
1302 4567 1476 4655 dilucide,
1506 4584 1646 4642 etcum
1671 4571 1845 4661 dignitate
1872 4577 2024 4668 quadarn
2045 4574 2141 4644 docet
2160 4553 2249 4633 boui·

261 4660 384 4755 ltaque
407 4667 495 4736 duas
518 4681 609 4738 artes
627 4672 887 4744 constituerunt
908 4675 1004 4748 inter
1024 4699 1060 4746 se
1077 4693 1253 4770 cognatas,
1301 4693 1386 4756 nes,
1418 4667 1608 4744 Oratorem
1631 4696 1698 4743 nos
1717 4698 1901 4746 vocamus:
1934 4700 2039 4770 quem
2062 4689 2098 4746 tu
2119 4662 2248 4774 Philoso-

263 4760 494 4836 Dialecticeo
519 4782 553 4839 et
582 4765 823 4862 Rhetoriceo,
862 4801 1014 4870 quarum
1046 4780 1155 4852 altera
1186 4785 1252 4853 do·
1301 4768 1667 4864 phumveliovooori‚
1688 4779 1850 4847 noudum
1866 4777 2130 4866 solioiulollisso·
2161 4761 2248 4856 Elll‘

263 4869 365 4936 cendi
393 4871 485 4938 viam
513 4891 701 4963 monstret,
733 4882 842 4948 altera
864 4883 1004 4966 doceat,
1040 4885 1252 4976 quoverbo-
1301 4877 1381 4945 dem
1402 4872 1661 4972 Philosophum
1684 4901 1772 4948 voco
1794 4903 1875 4949 eum
1890 4879 2026 4962 virum,
2057 4877 2194 4973 quicum
2207 4879 2247 4931 ru

263 4991 341 5078 ¹urm
353 4993 479 5057 genere
493 4998 549 5044 res
563 4983 789 5066 exponendae
803 4983 886 5057 sint.
938 4983 1031 5075 Quis
1045 4997 1162 5054 autem
1177 5011 1250 5055 non
1300 4979 1413 5049 bonas
1428 4996 1534 5077 atque
1550 4983 1655 5053 utiles
1677 4974 1834 5053 humano
1850 4984 1970 5073 generi
1986 4981 2107 5052 didicit
2119 4999 2153 5046 ae
2167 4973 2247 5040 tenet,

262 5069 358 5188 videt
375 5067 460 5144 haec
477 5076 570 5147 inter
584 5099 621 5148 se
635 5097 758 5152 natura
778 5086 966 5160 coniuncta
982 5087 1078 5158 esse?
1110 5085 1251 5177 Quaeso
1300 5082 1498 5154 doctrinam
1513 5111 1553 5156 ex
1564 5081 1683 5155 schola
1698 5098 1804 5178 atque
1816 5088 1941 5157 umbra
1954 5087 1996 5156 ad
2012 5107 2110 5154 usum
2126 5089 2155 5146 et
2162 5069 2247 5143 litu·

262 5195 358 5240 emm
378 5173 409 5240 si
434 5177 477 5243 de
495 5179 726 5268 religionibus
740 5189 890 5258 docendi
913 5203 995 5260 sunt
1010 5185 1189 5272 homines,
1221 5192 1250 5259 si
1300 5185 1478 5274 publicam
1502 5189 1685 5272 transfert,
1718 5189 1820 5258 docet
1843 5183 2004 5258 homines
2024 5197 2083 5256 aut
2096 5185 2136 5252 de
2149 5185 2246 5280 natust

260 5273 300 5342 in
317 5275 458 5346 iudiciis
474 5303 529 5347 res
540 5283 709 5356 obscurae
725 5303 759 5359 et
775 5291 958 5362 intricatae
973 5290 1085 5362 iudici
1101 5294 1249 5361 demon·
1300 5311 1437 5375 rerum,
1472 5307 1532 5360 aut
1547 5293 1591 5360 de
1605 5289 1855 5382 religionibus,
1887 5305 1948 5362 aut
1963 5293 2006 5358 de
2021 5281 2169 5376 regendis
2182 5271 2247 5342 eiu·

259 5379 441 5463 mandit,
477 5405 564 5451 uum
583 5380 669 5458 baec
691 5389 786 5476 lieri,
818 5393 972 5482 primum
1003 5397 1080 5466 sine
1100 5395 1156 5465 via
1184 5397 1250 5466 do·
1299 5389 1441 5462 tatibus.
1498 5389 1657 5479 Deinde,
1693 5407 1734 5462 ut
1756 5394 1907 5464 maxime
1929 5389 2112 5464 Oratorem
2137 5385 2244 5451 tautuu

257 5481 381 5569 tendi,
406 5481 536 5556 deiude
561 5486 644 5586 sine·
659 5515 787 5585 magna
801 5497 920 5590 copia,
947 5501 1116 5572 varietate
1134 5521 1175 5572 ec
1190 5498 1248 5570 lu-
1299 5493 1436 5568 reiiciss
1458 5495 1497 5566 in
1514 5497 1653 5586 lorum,
1684 5510 1803 5570 tameo
1822 5519 1879 5567 eas
1900 5485 2141 5584 Philosophiae
2156 5485 2242 5573 parto
