<?xml version="1.0" encoding="UTF-8"?>
<!DOCTYPE html PUBLIC "-//W3C//DTD XHTML 1.0 Transitional//EN"
    "http://www.w3.org/TR/xhtml1/DTD/xhtml1-transitional.dtd">
<html xmlns="http://www.w3.org/1999/xhtml" xml:lang="en" lang="en">
 <head>
  <title>
</title>
<meta http-equiv="Content-Type" content="text/html;charset=utf-8" />
  <meta name='ocr-system' content='tesseract 3.04.00' />
  <meta name='ocr-capabilities' content='ocr_page ocr_carea ocr_par ocr_line ocrx_word'/>
</head>
<body>
  <div class='ocr_page' id='page_1' title='image "./philippimelanth06bindgoog_0337.png"; bbox 0 0 4738 6186; ppageno 0'>
   <div class='ocr_carea' id='block_1_1' title="bbox 103 241 2140 398">
    <p class='ocr_par' dir='ltr' id='par_1_1' title="bbox 103 241 2140 402">
     <span class='ocr_line' id='line_1_1' title="bbox 103 241 2140 398; baseline -0.011 -7"><span class='ocrx_word' id='word_1_1' title='bbox 103 315 179 398; x_wconf 84' lang='lat' dir='ltr'>ece</span> <span class='ocrx_word' id='word_1_2' title='bbox 312 241 322 246; x_wconf 39' lang='grc'><em>”</em></span> <span class='ocrx_word' id='word_1_3' title='bbox 642 303 1082 386; x_wconf 82' lang='lat' dir='ltr'>errsrocaaun</span> <span class='ocrx_word' id='word_1_4' title='bbox 1132 297 1239 374; x_wconf 83' lang='lat' dir='ltr'>cre.</span> <span class='ocrx_word' id='word_1_5' title='bbox 1271 295 1372 378; x_wconf 84' lang='lat' dir='ltr'>xrn.</span> <span class='ocrx_word' id='word_1_6' title='bbox 1428 297 1559 377; x_wconf 81' lang='lat' dir='ltr'>sese.</span> <span class='ocrx_word' id='word_1_7' title='bbox 2064 313 2140 386; x_wconf 71' lang='lat'>00⁶</span> 
     </span>
    </p>
   </div>
   <div class='ocr_carea' id='block_1_2' title="bbox 85 465 2141 5560">
    <p class='ocr_par' dir='ltr' id='par_1_2' title="bbox 85 465 2141 5560">
     <span class='ocr_line' id='line_1_2' title="bbox 103 465 2140 590; baseline -0.005 -26"><span class='ocrx_word' id='word_1_8' title='bbox 103 486 291 590; x_wconf 79' lang='lat' dir='ltr'>perfecisti</span> <span class='ocrx_word' id='word_1_9' title='bbox 314 481 476 560; x_wconf 84' lang='lat' dir='ltr'>laudem.</span> <span class='ocrx_word' id='word_1_10' title='bbox 535 483 617 558; x_wconf 86' lang='lat' dir='ltr'>Non</span> <span class='ocrx_word' id='word_1_11' title='bbox 649 495 733 556; x_wconf 92' lang='lat' dir='ltr'>sunt</span> <span class='ocrx_word' id='word_1_12' title='bbox 767 481 862 552; x_wconf 85' lang='lat' dir='ltr'>cives</span> <span class='ocrx_word' id='word_1_13' title='bbox 894 479 1100 572; x_wconf 88' lang='lat' dir='ltr'>ubicunqne</span> <span class='ocrx_word' id='word_1_14' title='bbox 1227 471 1369 546; x_wconf 83' lang='lat' dir='ltr'>Recens</span> <span class='ocrx_word' id='word_1_15' title='bbox 1385 465 1712 572; x_wconf 81' lang='lat' dir='ltr'>Stenckseidiunus</span> <span class='ocrx_word' id='word_1_16' title='bbox 1726 479 1864 552; x_wconf 88' lang='lat' dir='ltr'>satelles</span> <span class='ocrx_word' id='word_1_17' title='bbox 1877 478 1989 552; x_wconf 89' lang='lat' dir='ltr'>edidit</span> <span class='ocrx_word' id='word_1_18' title='bbox 2005 481 2140 556; x_wconf 89' lang='lat' dir='ltr'>librum</span> 
     </span>
     <span class='ocr_line' id='line_1_3' title="bbox 103 570 2140 685; baseline -0.004 -21"><span class='ocrx_word' id='word_1_19' title='bbox 103 608 204 678; x_wconf 92' lang='lat' dir='ltr'>sunt,</span> <span class='ocrx_word' id='word_1_20' title='bbox 231 592 296 685; x_wconf 87' lang='lat' dir='ltr'>qui</span> <span class='ocrx_word' id='word_1_21' title='bbox 317 605 381 664; x_wconf 88' lang='lat' dir='ltr'>aut</span> <span class='ocrx_word' id='word_1_22' title='bbox 407 603 624 662; x_wconf 88' lang='lat' dir='ltr'>monstrosas</span> <span class='ocrx_word' id='word_1_23' title='bbox 650 585 840 677; x_wconf 74' lang='lat' dir='ltr'>opiniones</span> <span class='ocrx_word' id='word_1_24' title='bbox 873 581 1099 676; x_wconf 80' lang='lat' dir='ltr'><strong>pertinaciter</strong></span> <span class='ocrx_word' id='word_1_25' title='bbox 1151 590 1274 646; x_wconf 89' lang='lat' dir='ltr'>contra</span> <span class='ocrx_word' id='word_1_26' title='bbox 1291 599 1348 648; x_wconf 88' lang='lat' dir='ltr'>me</span> <span class='ocrx_word' id='word_1_27' title='bbox 1372 589 1407 648; x_wconf 92' lang='lat' dir='ltr'>et</span> <span class='ocrx_word' id='word_1_28' title='bbox 1423 570 1587 648; x_wconf 82' lang='lat' dir='ltr'>Paulum</span> <span class='ocrx_word' id='word_1_29' title='bbox 1603 572 1786 663; x_wconf 84' lang='lat' dir='ltr'>Eberum,</span> <span class='ocrx_word' id='word_1_30' title='bbox 1811 583 1851 652; x_wconf 90' lang='lat' dir='ltr'>iu</span> <span class='ocrx_word' id='word_1_31' title='bbox 1867 607 1938 676; x_wconf 90' lang='lat' dir='ltr'>quo</span> <span class='ocrx_word' id='word_1_32' title='bbox 1960 585 2062 655; x_wconf 85' lang='lat' dir='ltr'>valde</span> <span class='ocrx_word' id='word_1_33' title='bbox 2085 585 2140 656; x_wconf 89' lang='lat' dir='ltr'>vi-</span> 
     </span>
     <span class='ocr_line' id='line_1_4' title="bbox 103 679 2139 778; baseline -0.004 -12"><span class='ocrx_word' id='word_1_34' title='bbox 103 696 281 778; x_wconf 88' lang='lat' dir='ltr'>retinent,</span> <span class='ocrx_word' id='word_1_35' title='bbox 313 705 376 764; x_wconf 89' lang='lat' dir='ltr'>aut</span> <span class='ocrx_word' id='word_1_36' title='bbox 399 707 492 764; x_wconf 89' lang='lat' dir='ltr'>recte</span> <span class='ocrx_word' id='word_1_37' title='bbox 513 691 643 760; x_wconf 89' lang='lat' dir='ltr'>tradita</span> <span class='ocrx_word' id='word_1_38' title='bbox 671 685 868 778; x_wconf 77' lang='lat' dir='ltr'>praestigiis</span> <span class='ocrx_word' id='word_1_39' title='bbox 891 679 1098 776; x_wconf 90' lang='lat' dir='ltr'>Sophisma-</span> <span class='ocrx_word' id='word_1_40' title='bbox 1151 690 1288 768; x_wconf 91' lang='lat' dir='ltr'>tuperat</span> <span class='ocrx_word' id='word_1_41' title='bbox 1313 679 1430 752; x_wconf 89' lang='lat' dir='ltr'>studia</span> <span class='ocrx_word' id='word_1_42' title='bbox 1451 680 1713 769; x_wconf 82' lang='lat' dir='ltr'>doctrinarum,</span> <span class='ocrx_word' id='word_1_43' title='bbox 1745 696 1787 754; x_wconf 94' lang='lat' dir='ltr'>ut</span> <span class='ocrx_word' id='word_1_44' title='bbox 1820 679 1889 754; x_wconf 89' lang='lat' dir='ltr'>boc</span> <span class='ocrx_word' id='word_1_45' title='bbox 1921 687 2139 776; x_wconf 90' lang='lat' dir='ltr'>persuadeat,</span> 
     </span>
     <span class='ocr_line' id='line_1_5' title="bbox 103 775 2141 889; baseline -0.004 -20"><span class='ocrx_word' id='word_1_46' title='bbox 103 812 180 869; x_wconf 90' lang='lat' dir='ltr'>tum</span> <span class='ocrx_word' id='word_1_47' title='bbox 198 789 509 889; x_wconf 90' lang='lat' dir='ltr'>etSycopbantice</span> <span class='ocrx_word' id='word_1_48' title='bbox 531 801 776 880; x_wconf 89' lang='lat' dir='ltr'>corrumpunt.</span> <span class='ocrx_word' id='word_1_49' title='bbox 829 785 878 860; x_wconf 91' lang='lat' dir='ltr'>Ut</span> <span class='ocrx_word' id='word_1_50' title='bbox 900 799 1016 856; x_wconf 90' lang='lat' dir='ltr'>autem</span> <span class='ocrx_word' id='word_1_51' title='bbox 1040 807 1098 854; x_wconf 88' lang='lat' dir='ltr'>re·</span> <span class='ocrx_word' id='word_1_52' title='bbox 1149 775 1344 853; x_wconf 78' lang='lat' dir='ltr'>Ecclesiam</span> <span class='ocrx_word' id='word_1_53' title='bbox 1362 805 1433 852; x_wconf 91' lang='lat' dir='ltr'>non</span> <span class='ocrx_word' id='word_1_54' title='bbox 1454 782 1573 873; x_wconf 77' lang='lat' dir='ltr'>colligi</span> <span class='ocrx_word' id='word_1_55' title='bbox 1591 783 1790 856; x_wconf 89' lang='lat' dir='ltr'>ministerio</span> <span class='ocrx_word' id='word_1_56' title='bbox 1805 785 1931 873; x_wconf 91' lang='lat' dir='ltr'>lectae,</span> <span class='ocrx_word' id='word_1_57' title='bbox 1959 809 2020 860; x_wconf 86' lang='lat' dir='ltr'>seu</span> <span class='ocrx_word' id='word_1_58' title='bbox 2037 791 2141 862; x_wconf 89' lang='lat' dir='ltr'>audi-</span> 
     </span>
     <span class='ocr_line' id='line_1_6' title="bbox 102 883 2139 990; baseline -0.002 -22"><span class='ocrx_word' id='word_1_59' title='bbox 102 913 234 990; x_wconf 89' lang='lat' dir='ltr'>gantur</span> <span class='ocrx_word' id='word_1_60' title='bbox 256 911 289 967; x_wconf 91' lang='lat' dir='ltr'>et</span> <span class='ocrx_word' id='word_1_61' title='bbox 321 898 557 965; x_wconf 79' lang='lat' dir='ltr'>emendentur</span> <span class='ocrx_word' id='word_1_62' title='bbox 581 891 732 976; x_wconf 90' lang='lat' dir='ltr'>iudicia,</span> <span class='ocrx_word' id='word_1_63' title='bbox 764 891 842 960; x_wconf 86' lang='lat' dir='ltr'>vult</span> <span class='ocrx_word' id='word_1_64' title='bbox 865 885 961 958; x_wconf 91' lang='lat' dir='ltr'>Deus</span> <span class='ocrx_word' id='word_1_65' title='bbox 980 887 1095 958; x_wconf 90' lang='lat' dir='ltr'>studia</span> <span class='ocrx_word' id='word_1_66' title='bbox 1149 895 1204 950; x_wconf 86' lang='lat' dir='ltr'>tac</span> <span class='ocrx_word' id='word_1_67' title='bbox 1230 896 1266 954; x_wconf 89' lang='lat' dir='ltr'>et</span> <span class='ocrx_word' id='word_1_68' title='bbox 1288 883 1457 974; x_wconf 77' lang='lat' dir='ltr'>cogitatae</span> <span class='ocrx_word' id='word_1_69' title='bbox 1479 885 1679 971; x_wconf 90' lang='lat' dir='ltr'>doctrinae,</span> <span class='ocrx_word' id='word_1_70' title='bbox 1704 889 1764 957; x_wconf 92' lang='lat' dir='ltr'>sed</span> <span class='ocrx_word' id='word_1_71' title='bbox 1788 888 1888 979; x_wconf 91' lang='lat' dir='ltr'>prius</span> <span class='ocrx_word' id='word_1_72' title='bbox 1909 889 1987 980; x_wconf 94' lang='lat' dir='ltr'>rapi</span> <span class='ocrx_word' id='word_1_73' title='bbox 2003 908 2139 962; x_wconf 89' lang='lat' dir='ltr'>mentes</span> 
     </span>
     <span class='ocr_line' id='line_1_7' title="bbox 101 977 2137 1084; baseline -0.004 -14"><span class='ocrx_word' id='word_1_74' title='bbox 101 1001 288 1070; x_wconf 91' lang='lat' dir='ltr'>doctrinae</span> <span class='ocrx_word' id='word_1_75' title='bbox 302 1021 393 1082; x_wconf 89' lang='lat' dir='ltr'>esse,</span> <span class='ocrx_word' id='word_1_76' title='bbox 413 997 490 1068; x_wconf 91' lang='lat' dir='ltr'>vult</span> <span class='ocrx_word' id='word_1_77' title='bbox 506 995 574 1084; x_wconf 85' lang='lat' dir='ltr'>legi</span> <span class='ocrx_word' id='word_1_78' title='bbox 590 991 718 1084; x_wconf 88' lang='lat' dir='ltr'>scripta</span> <span class='ocrx_word' id='word_1_79' title='bbox 729 985 938 1082; x_wconf 90' lang='lat' dir='ltr'>Prophetica</span> <span class='ocrx_word' id='word_1_80' title='bbox 955 983 1096 1080; x_wconf 84' lang='lat' dir='ltr'>etApo-</span> <span class='ocrx_word' id='word_1_81' title='bbox 1150 977 1429 1070; x_wconf 84' lang='lat' dir='ltr'>Entbusiasrnis,</span> <span class='ocrx_word' id='word_1_82' title='bbox 1450 1001 1568 1076; x_wconf 88' lang='lat' dir='ltr'>postea</span> <span class='ocrx_word' id='word_1_83' title='bbox 1589 987 1777 1058; x_wconf 90' lang='lat' dir='ltr'>lectionem</span> <span class='ocrx_word' id='word_1_84' title='bbox 1799 1013 1861 1060; x_wconf 90' lang='lat' dir='ltr'>sen</span> <span class='ocrx_word' id='word_1_85' title='bbox 1888 991 2137 1080; x_wconf 81' lang='lat' dir='ltr'>cogitationem</span> 
     </span>
     <span class='ocr_line' id='line_1_8' title="bbox 101 1085 2137 1186; baseline -0.002 -16"><span class='ocrx_word' id='word_1_86' title='bbox 101 1102 248 1186; x_wconf 89' lang='lat' dir='ltr'>stolica,</span> <span class='ocrx_word' id='word_1_87' title='bbox 274 1100 352 1170; x_wconf 85' lang='lat' dir='ltr'>vult</span> <span class='ocrx_word' id='word_1_88' title='bbox 376 1099 469 1172; x_wconf 90' lang='lat' dir='ltr'>dicta</span> <span class='ocrx_word' id='word_1_89' title='bbox 492 1095 613 1166; x_wconf 93' lang='lat' dir='ltr'>omnia</span> <span class='ocrx_word' id='word_1_90' title='bbox 637 1095 831 1186; x_wconf 84' lang='lat' dir='ltr'>prudenter</span> <span class='ocrx_word' id='word_1_91' title='bbox 851 1089 1024 1169; x_wconf 79' lang='lat' dir='ltr'>conferri,</span> <span class='ocrx_word' id='word_1_92' title='bbox 1056 1103 1096 1160; x_wconf 90' lang='lat' dir='ltr'>ut</span> <span class='ocrx_word' id='word_1_93' title='bbox 1149 1085 1299 1175; x_wconf 83' lang='lat' dir='ltr'>scriptae</span> <span class='ocrx_word' id='word_1_94' title='bbox 1314 1087 1497 1159; x_wconf 89' lang='lat' dir='ltr'>doctrinae</span> <span class='ocrx_word' id='word_1_95' title='bbox 1514 1091 1696 1175; x_wconf 87' lang='lat' dir='ltr'>accedere,</span> <span class='ocrx_word' id='word_1_96' title='bbox 1717 1115 1808 1184; x_wconf 85' lang='lat' dir='ltr'>quae</span> <span class='ocrx_word' id='word_1_97' title='bbox 1821 1092 1901 1162; x_wconf 89' lang='lat' dir='ltr'>aliis</span> <span class='ocrx_word' id='word_1_98' title='bbox 1915 1094 2078 1166; x_wconf 91' lang='lat' dir='ltr'>ostendat</span> <span class='ocrx_word' id='word_1_99' title='bbox 2092 1095 2137 1166; x_wconf 93' lang='lat' dir='ltr'>il-</span> 
     </span>
     <span class='ocr_line' id='line_1_9' title="bbox 101 1184 2137 1294; baseline -0.002 -21"><span class='ocrx_word' id='word_1_100' title='bbox 101 1195 248 1273; x_wconf 80' lang='lat' dir='ltr'>Paulus</span> <span class='ocrx_word' id='word_1_101' title='bbox 265 1200 402 1294; x_wconf 81' lang='lat' dir='ltr'>in&#39;quit,</span> <span class='ocrx_word' id='word_1_102' title='bbox 428 1193 557 1269; x_wconf 90' lang='lat' dir='ltr'>Sermo</span> <span class='ocrx_word' id='word_1_103' title='bbox 569 1193 649 1266; x_wconf 92' lang='lat' dir='ltr'>Dei</span> <span class='ocrx_word' id='word_1_104' title='bbox 662 1187 804 1264; x_wconf 74' lang='lat' dir='ltr'>taetrae</span> <span class='ocrx_word' id='word_1_105' title='bbox 820 1189 860 1263; x_wconf 85' lang='lat' dir='ltr'>in</span> <span class='ocrx_word' id='word_1_106' title='bbox 885 1187 985 1261; x_wconf 74' lang='lat' dir='ltr'>vobis</span> <span class='ocrx_word' id='word_1_107' title='bbox 1006 1214 1096 1289; x_wconf 90' lang='lat' dir='ltr'>opu·</span> <span class='ocrx_word' id='word_1_108' title='bbox 1135 1184 1202 1256; x_wconf 88' lang='lat' dir='ltr'>&#39;los</span> <span class='ocrx_word' id='word_1_109' title='bbox 1224 1188 1384 1264; x_wconf 86' lang='lat' dir='ltr'>adllatns.</span> <span class='ocrx_word' id='word_1_110' title='bbox 1436 1187 1487 1258; x_wconf 93' lang='lat' dir='ltr'>lta</span> <span class='ocrx_word' id='word_1_111' title='bbox 1510 1191 1702 1262; x_wconf 92' lang='lat' dir='ltr'>invertitur</span> <span class='ocrx_word' id='word_1_112' title='bbox 1722 1194 1832 1276; x_wconf 90' lang='lat' dir='ltr'>ordo,</span> <span class='ocrx_word' id='word_1_113' title='bbox 1858 1219 1964 1288; x_wconf 87' lang='lat' dir='ltr'>quem</span> <span class='ocrx_word' id='word_1_114' title='bbox 1988 1188 2137 1268; x_wconf 80' lang='lat' dir='ltr'>Paulus</span> 
     </span>
     <span class='ocr_line' id='line_1_10' title="bbox 104 1284 2138 1394; baseline -0.001 -20"><span class='ocrx_word' id='word_1_115' title='bbox 104 1303 237 1389; x_wconf 83' lang='lat' dir='ltr'>lenter,</span> <span class='ocrx_word' id='word_1_116' title='bbox 263 1325 344 1373; x_wconf 86' lang='lat' dir='ltr'>curn</span> <span class='ocrx_word' id='word_1_117' title='bbox 365 1298 469 1370; x_wconf 87' lang='lat' dir='ltr'>omni</span> <span class='ocrx_word' id='word_1_118' title='bbox 490 1295 691 1394; x_wconf 81' lang='lat' dir='ltr'>sapientia.</span> <span class='ocrx_word' id='word_1_119' title='bbox 742 1294 824 1366; x_wconf 91' lang='lat' dir='ltr'>Non</span> <span class='ocrx_word' id='word_1_120' title='bbox 849 1294 979 1365; x_wconf 88' lang='lat' dir='ltr'>stolide</span> <span class='ocrx_word' id='word_1_121' title='bbox 1003 1293 1095 1363; x_wconf 89' lang='lat' dir='ltr'>acci·</span> <span class='ocrx_word' id='word_1_122' title='bbox 1148 1290 1313 1376; x_wconf 80' lang='lat' dir='ltr'>tradidit,</span> <span class='ocrx_word' id='word_1_123' title='bbox 1339 1284 1534 1386; x_wconf 83' lang='lat' dir='ltr'>Quomodo</span> <span class='ocrx_word' id='word_1_124' title='bbox 1549 1287 1709 1377; x_wconf 86' lang='lat' dir='ltr'>credent,</span> <span class='ocrx_word' id='word_1_125' title='bbox 1736 1291 2016 1366; x_wconf 81' lang='lat' dir='ltr'>nisiuudiont?</span> <span class='ocrx_word' id='word_1_126' title='bbox 2065 1297 2138 1370; x_wconf 90' lang='lat' dir='ltr'>Co·</span> 
     </span>
     <span class='ocr_line' id='line_1_11' title="bbox 100 1389 2138 1500; baseline -0.002 -25"><span class='ocrx_word' id='word_1_127' title='bbox 100 1409 249 1500; x_wconf 90' lang='lat' dir='ltr'>piantur</span> <span class='ocrx_word' id='word_1_128' title='bbox 271 1406 382 1488; x_wconf 89' lang='lat' dir='ltr'>dicta,</span> <span class='ocrx_word' id='word_1_129' title='bbox 407 1417 447 1474; x_wconf 91' lang='lat' dir='ltr'>ut</span> <span class='ocrx_word' id='word_1_130' title='bbox 472 1401 693 1492; x_wconf 83' lang='lat' dir='ltr'>accipiebant</span> <span class='ocrx_word' id='word_1_131' title='bbox 715 1389 1094 1493; x_wconf 76' lang='grc' dir='ltr'><strong><em>ἄνθρωπομορφίται,</em></strong></span> <span class='ocrx_word' id='word_1_132' title='bbox 1147 1405 1287 1462; x_wconf 88' lang='lat' dir='ltr'>acervat</span> <span class='ocrx_word' id='word_1_133' title='bbox 1300 1407 1419 1464; x_wconf 91' lang='lat' dir='ltr'>autem</span> <span class='ocrx_word' id='word_1_134' title='bbox 1442 1389 1844 1494; x_wconf 82' lang='lat' dir='ltr'>illcStenclseIdianus</span> <span class='ocrx_word' id='word_1_135' title='bbox 1869 1400 2011 1490; x_wconf 89' lang='lat' dir='ltr'>longam</span> <span class='ocrx_word' id='word_1_136' title='bbox 2034 1396 2138 1474; x_wconf 87' lang='lat' dir='ltr'>Rha-</span> 
     </span>
     <span class='ocr_line' id='line_1_12' title="bbox 101 1491 2136 1603; baseline -0.003 -23"><span class='ocrx_word' id='word_1_137' title='bbox 101 1521 164 1580; x_wconf 89' lang='lat' dir='ltr'>aut</span> <span class='ocrx_word' id='word_1_138' title='bbox 185 1522 226 1578; x_wconf 94' lang='lat' dir='ltr'>ut</span> <span class='ocrx_word' id='word_1_139' title='bbox 248 1501 522 1603; x_wconf 83' lang='lat' dir='ltr'>Anobuptistae</span> <span class='ocrx_word' id='word_1_140' title='bbox 552 1503 628 1574; x_wconf 88' lang='lat' dir='ltr'>sine</span> <span class='ocrx_word' id='word_1_141' title='bbox 659 1500 888 1570; x_wconf 90' lang='lat' dir='ltr'>distinctione</span> <span class='ocrx_word' id='word_1_142' title='bbox 921 1499 1096 1568; x_wconf 90' lang='lat' dir='ltr'>damnant</span> <span class='ocrx_word' id='word_1_143' title='bbox 1150 1491 1310 1584; x_wconf 91' lang='lat' dir='ltr'>psodiam</span> <span class='ocrx_word' id='word_1_144' title='bbox 1326 1496 1612 1568; x_wconf 86' lang='lat' dir='ltr'>testimoniorum</span> <span class='ocrx_word' id='word_1_145' title='bbox 1636 1498 1937 1591; x_wconf 80' lang='lat' dir='ltr'>exscriptoribus</span> <span class='ocrx_word' id='word_1_146' title='bbox 1959 1502 2136 1574; x_wconf 87' lang='lat' dir='ltr'>veteribus</span> 
     </span>
     <span class='ocr_line' id='line_1_13' title="bbox 99 1595 2137 1700; baseline -0.002 -20"><span class='ocrx_word' id='word_1_147' title='bbox 99 1609 315 1692; x_wconf 83' lang='lat' dir='ltr'>vindictam,</span> <span class='ocrx_word' id='word_1_148' title='bbox 340 1631 447 1700; x_wconf 89' lang='lat' dir='ltr'>quam</span> <span class='ocrx_word' id='word_1_149' title='bbox 463 1604 688 1696; x_wconf 88' lang='lat' dir='ltr'>magistratus</span> <span class='ocrx_word' id='word_1_150' title='bbox 704 1613 840 1672; x_wconf 82' lang='lat' dir='ltr'>exercet</span> <span class='ocrx_word' id='word_1_151' title='bbox 856 1601 1022 1668; x_wconf 91' lang='lat' dir='ltr'>mandato</span> <span class='ocrx_word' id='word_1_152' title='bbox 1039 1598 1095 1668; x_wconf 89' lang='lat' dir='ltr'>di·</span> <span class='ocrx_word' id='word_1_153' title='bbox 1147 1605 1180 1663; x_wconf 90' lang='lat' dir='ltr'>et</span> <span class='ocrx_word' id='word_1_154' title='bbox 1203 1595 1423 1680; x_wconf 80' lang='lat' dir='ltr'>recentibus,</span> <span class='ocrx_word' id='word_1_155' title='bbox 1456 1621 1547 1692; x_wconf 89' lang='lat' dir='ltr'>quae</span> <span class='ocrx_word' id='word_1_156' title='bbox 1568 1600 1711 1686; x_wconf 87' lang='lat' dir='ltr'>dicunt,</span> <span class='ocrx_word' id='word_1_157' title='bbox 1745 1599 1866 1672; x_wconf 91' lang='lat' dir='ltr'>aDeo</span> <span class='ocrx_word' id='word_1_158' title='bbox 1896 1617 2033 1674; x_wconf 89' lang='lat' dir='ltr'>mentes</span> <span class='ocrx_word' id='word_1_159' title='bbox 2051 1604 2137 1676; x_wconf 88' lang='lat' dir='ltr'>illu-</span> 
     </span>
     <span class='ocr_line' id='line_1_14' title="bbox 101 1693 2135 1802; baseline -0.001 -22"><span class='ocrx_word' id='word_1_160' title='bbox 101 1713 206 1795; x_wconf 85' lang='lat' dir='ltr'>vino,</span> <span class='ocrx_word' id='word_1_161' title='bbox 232 1725 267 1782; x_wconf 93' lang='lat' dir='ltr'>et</span> <span class='ocrx_word' id='word_1_162' title='bbox 282 1707 474 1800; x_wconf 90' lang='lat' dir='ltr'>privatam,</span> <span class='ocrx_word' id='word_1_163' title='bbox 492 1721 557 1802; x_wconf 21' lang='lat' dir='ltr'>‘aut</span> <span class='ocrx_word' id='word_1_164' title='bbox 572 1719 612 1776; x_wconf 91' lang='lat' dir='ltr'>ut</span> <span class='ocrx_word' id='word_1_165' title='bbox 627 1702 808 1775; x_wconf 86' lang='lat' dir='ltr'>Pontificii</span> <span class='ocrx_word' id='word_1_166' title='bbox 823 1725 864 1772; x_wconf 87' lang='lat' dir='ltr'>ex</span> <span class='ocrx_word' id='word_1_167' title='bbox 878 1701 971 1771; x_wconf 92' lang='lat' dir='ltr'>dicto</span> <span class='ocrx_word' id='word_1_168' title='bbox 981 1693 1095 1780; x_wconf 91' lang='lat' dir='ltr'>Petri,</span> <span class='ocrx_word' id='word_1_169' title='bbox 1146 1696 1267 1765; x_wconf 93' lang='lat' dir='ltr'>strari:</span> <span class='ocrx_word' id='word_1_170' title='bbox 1290 1695 1330 1766; x_wconf 96' lang='lat' dir='ltr'>ld</span> <span class='ocrx_word' id='word_1_171' title='bbox 1344 1712 1379 1769; x_wconf 91' lang='lat' dir='ltr'>et</span> <span class='ocrx_word' id='word_1_172' title='bbox 1395 1699 1564 1786; x_wconf 83' lang='lat' dir='ltr'>latemur,</span> <span class='ocrx_word' id='word_1_173' title='bbox 1578 1713 1612 1772; x_wconf 92' lang='lat' dir='ltr'>et</span> <span class='ocrx_word' id='word_1_174' title='bbox 1626 1725 1764 1796; x_wconf 90' lang='lat' dir='ltr'>semper</span> <span class='ocrx_word' id='word_1_175' title='bbox 1777 1727 1844 1774; x_wconf 91' lang='lat' dir='ltr'>nos</span> <span class='ocrx_word' id='word_1_176' title='bbox 1861 1706 2035 1796; x_wconf 79' lang='lat' dir='ltr'>professos</span> <span class='ocrx_word' id='word_1_177' title='bbox 2051 1731 2135 1792; x_wconf 87' lang='lat' dir='ltr'>esse,</span> 
     </span>
     <span class='ocr_line' id='line_1_15' title="bbox 101 1797 2136 1906; baseline -0.001 -24"><span class='ocrx_word' id='word_1_178' title='bbox 101 1808 197 1882; x_wconf 87' lang='lat' dir='ltr'>Ecce</span> <span class='ocrx_word' id='word_1_179' title='bbox 215 1806 287 1881; x_wconf 90' lang='lat' dir='ltr'>duo</span> <span class='ocrx_word' id='word_1_180' title='bbox 298 1803 427 1906; x_wconf 78' lang='lat' dir='ltr'>gladii</span> <span class='ocrx_word' id='word_1_181' title='bbox 444 1803 525 1896; x_wconf 84' lang='lat' dir='ltr'>hic,</span> <span class='ocrx_word' id='word_1_182' title='bbox 548 1819 715 1878; x_wconf 83' lang='lat' dir='ltr'>extruunt</span> <span class='ocrx_word' id='word_1_183' title='bbox 732 1807 881 1894; x_wconf 81' lang='lat' dir='ltr'>dogma,</span> <span class='ocrx_word' id='word_1_184' title='bbox 906 1801 1094 1872; x_wconf 84' lang='lat' dir='ltr'>Pontifices</span> <span class='ocrx_word' id='word_1_185' title='bbox 1146 1809 1180 1866; x_wconf 91' lang='lat' dir='ltr'>ct</span> <span class='ocrx_word' id='word_1_186' title='bbox 1196 1797 1324 1890; x_wconf 91' lang='lat' dir='ltr'>scripta</span> <span class='ocrx_word' id='word_1_187' title='bbox 1342 1813 1462 1871; x_wconf 89' lang='lat' dir='ltr'>nostra</span> <span class='ocrx_word' id='word_1_188' title='bbox 1479 1806 1689 1885; x_wconf 87' lang='lat' dir='ltr'>ostendunt,</span> <span class='ocrx_word' id='word_1_189' title='bbox 1701 1819 1735 1876; x_wconf 91' lang='lat' dir='ltr'>et</span> <span class='ocrx_word' id='word_1_190' title='bbox 1753 1808 1975 1878; x_wconf 87' lang='lat' dir='ltr'>ostendimus</span> <span class='ocrx_word' id='word_1_191' title='bbox 1991 1810 2030 1878; x_wconf 90' lang='lat' dir='ltr'>in</span> <span class='ocrx_word' id='word_1_192' title='bbox 2045 1833 2136 1902; x_wconf 81' lang='lat' dir='ltr'>qrro-</span> 
     </span>
     <span class='ocr_line' id='line_1_16' title="bbox 99 1897 2134 2006; baseline -0.004 -18"><span class='ocrx_word' id='word_1_193' title='bbox 99 1931 222 1989; x_wconf 90' lang='lat' dir='ltr'>tenere</span> <span class='ocrx_word' id='word_1_194' title='bbox 252 1925 455 2006; x_wconf 89' lang='lat' dir='ltr'>potestatem</span> <span class='ocrx_word' id='word_1_195' title='bbox 491 1913 638 2000; x_wconf 87' lang='lat' dir='ltr'>regiam.</span> <span class='ocrx_word' id='word_1_196' title='bbox 689 1905 787 1996; x_wconf 88' lang='lat' dir='ltr'>Quid</span> <span class='ocrx_word' id='word_1_197' title='bbox 823 1903 995 1976; x_wconf 87' lang='lat' dir='ltr'>insulsius</span> <span class='ocrx_word' id='word_1_198' title='bbox 1030 1917 1092 1984; x_wconf 83' lang='lat' dir='ltr'>est,</span> <span class='ocrx_word' id='word_1_199' title='bbox 1145 1897 1536 1974; x_wconf 88' lang='lat' dir='ltr'>tidiaualnvocatione.</span> <span class='ocrx_word' id='word_1_200' title='bbox 1594 1903 1745 1998; x_wconf 88' lang='lat' dir='ltr'>Agimus</span> <span class='ocrx_word' id='word_1_201' title='bbox 1758 1911 1887 1998; x_wconf 88' lang='lat' dir='ltr'>gratias</span> <span class='ocrx_word' id='word_1_202' title='bbox 1903 1924 2047 1980; x_wconf 91' lang='lat' dir='ltr'>aeterno</span> <span class='ocrx_word' id='word_1_203' title='bbox 2066 1910 2134 1980; x_wconf 88' lang='lat' dir='ltr'>Pe-</span> 
     </span>
     <span class='ocr_line' id='line_1_17' title="bbox 99 2001 2134 2112; baseline -0.002 -26"><span class='ocrx_word' id='word_1_204' title='bbox 99 2039 211 2112; x_wconf 91' lang='lat' dir='ltr'>quam</span> <span class='ocrx_word' id='word_1_205' title='bbox 233 2015 364 2105; x_wconf 85' lang='lat' dir='ltr'>fingere</span> <span class='ocrx_word' id='word_1_206' title='bbox 385 2011 653 2084; x_wconf 87' lang='lat' dir='ltr'>Sacramentum</span> <span class='ocrx_word' id='word_1_207' title='bbox 678 2031 752 2080; x_wconf 89' lang='lat' dir='ltr'>esse</span> <span class='ocrx_word' id='word_1_208' title='bbox 773 2029 901 2099; x_wconf 90' lang='lat' dir='ltr'>panem</span> <span class='ocrx_word' id='word_1_209' title='bbox 927 2004 989 2099; x_wconf 93' lang='lat' dir='ltr'>qui</span> <span class='ocrx_word' id='word_1_210' title='bbox 1023 2003 1095 2075; x_wconf 90' lang='lat' dir='ltr'>cir·</span> <span class='ocrx_word' id='word_1_211' title='bbox 1145 2001 1210 2082; x_wconf 87' lang='lat' dir='ltr'>tri,</span> <span class='ocrx_word' id='word_1_212' title='bbox 1233 2005 1329 2095; x_wconf 90' lang='lat' dir='ltr'>quod</span> <span class='ocrx_word' id='word_1_213' title='bbox 1345 2005 1443 2074; x_wconf 90' lang='lat' dir='ltr'>misit</span> <span class='ocrx_word' id='word_1_214' title='bbox 1457 2003 1608 2092; x_wconf 85' lang='lat' dir='ltr'>Filium,</span> <span class='ocrx_word' id='word_1_215' title='bbox 1634 2009 1697 2101; x_wconf 85' lang='lat' dir='ltr'>qui</span> <span class='ocrx_word' id='word_1_216' title='bbox 1711 2012 1885 2102; x_wconf 88' lang='lat' dir='ltr'>proterret</span> <span class='ocrx_word' id='word_1_217' title='bbox 1898 2006 2134 2103; x_wconf 85' lang='lat' dir='ltr'>Evangelium</span> 
     </span>
     <span class='ocr_line' id='line_1_18' title="bbox 98 2105 2134 2204; baseline -0.002 -15"><span class='ocrx_word' id='word_1_218' title='bbox 98 2127 361 2204; x_wconf 88' lang='lat' dir='ltr'>cumgestatur,</span> <span class='ocrx_word' id='word_1_219' title='bbox 385 2139 466 2184; x_wconf 91' lang='lat' dir='ltr'>cum</span> <span class='ocrx_word' id='word_1_220' title='bbox 481 2113 709 2185; x_wconf 90' lang='lat' dir='ltr'>Sacramenta</span> <span class='ocrx_word' id='word_1_221' title='bbox 723 2109 797 2179; x_wconf 87' lang='lat' dir='ltr'>sint</span> <span class='ocrx_word' id='word_1_222' title='bbox 810 2108 965 2178; x_wconf 88' lang='lat' dir='ltr'>actiones</span> <span class='ocrx_word' id='word_1_223' title='bbox 989 2105 1093 2176; x_wconf 89' lang='lat' dir='ltr'>insti-</span> <span class='ocrx_word' id='word_1_224' title='bbox 1145 2127 1186 2172; x_wconf 87' lang='lat' dir='ltr'>ex</span> <span class='ocrx_word' id='word_1_225' title='bbox 1203 2126 1331 2176; x_wconf 88' lang='lat' dir='ltr'>arcano</span> <span class='ocrx_word' id='word_1_226' title='bbox 1347 2108 1496 2176; x_wconf 91' lang='lat' dir='ltr'>consilio</span> <span class='ocrx_word' id='word_1_227' title='bbox 1512 2109 1721 2183; x_wconf 91' lang='lat' dir='ltr'>divinitatis.</span> <span class='ocrx_word' id='word_1_228' title='bbox 1774 2111 1844 2184; x_wconf 90' lang='lat' dir='ltr'>Sed</span> <span class='ocrx_word' id='word_1_229' title='bbox 1866 2113 1989 2184; x_wconf 86' lang='lat' dir='ltr'>isvult</span> <span class='ocrx_word' id='word_1_230' title='bbox 2012 2129 2134 2184; x_wconf 92' lang='lat' dir='ltr'>notam</span> 
     </span>
     <span class='ocr_line' id='line_1_19' title="bbox 96 2199 2135 2302; baseline -0.002 -12"><span class='ocrx_word' id='word_1_231' title='bbox 96 2232 220 2301; x_wconf 84' lang='lat' dir='ltr'>tutae,</span> <span class='ocrx_word' id='word_1_232' title='bbox 246 2216 495 2285; x_wconf 85' lang='lat' dir='ltr'>utfiantcerto</span> <span class='ocrx_word' id='word_1_233' title='bbox 514 2212 646 2284; x_wconf 85' lang='lat' dir='ltr'>modo?</span> <span class='ocrx_word' id='word_1_234' title='bbox 697 2210 769 2282; x_wconf 89' lang='lat' dir='ltr'>Sed</span> <span class='ocrx_word' id='word_1_235' title='bbox 795 2209 953 2298; x_wconf 85' lang='lat' dir='ltr'>exempla</span> <span class='ocrx_word' id='word_1_236' title='bbox 977 2209 1093 2279; x_wconf 78' lang='lat' dir='ltr'>insul·</span> <span class='ocrx_word' id='word_1_237' title='bbox 1145 2227 1219 2276; x_wconf 87' lang='lat' dir='ltr'>esse</span> <span class='ocrx_word' id='word_1_238' title='bbox 1235 2199 1327 2277; x_wconf 91' lang='lat' dir='ltr'>banc</span> <span class='ocrx_word' id='word_1_239' title='bbox 1343 2231 1463 2276; x_wconf 87' lang='lat' dir='ltr'>vocem</span> <span class='ocrx_word' id='word_1_240' title='bbox 1478 2211 1678 2296; x_wconf 91' lang='lat' dir='ltr'>doctrinae,</span> <span class='ocrx_word' id='word_1_241' title='bbox 1705 2235 1768 2302; x_wconf 91' lang='lat' dir='ltr'>per</span> <span class='ocrx_word' id='word_1_242' title='bbox 1783 2207 1874 2284; x_wconf 91' lang='lat' dir='ltr'>hanc</span> <span class='ocrx_word' id='word_1_243' title='bbox 1888 2227 1939 2284; x_wconf 88' lang='lat' dir='ltr'>eet</span> <span class='ocrx_word' id='word_1_244' title='bbox 1954 2217 2074 2286; x_wconf 81' lang='lat' dir='ltr'>efficax</span> <span class='ocrx_word' id='word_1_245' title='bbox 2094 2217 2135 2285; x_wconf 93' lang='lat' dir='ltr'>in</span> 
     </span>
     <span class='ocr_line' id='line_1_20' title="bbox 97 2307 2130 2406; baseline -0.002 -15"><span class='ocrx_word' id='word_1_246' title='bbox 97 2341 221 2392; x_wconf 86' lang='lat' dir='ltr'>sarum</span> <span class='ocrx_word' id='word_1_247' title='bbox 239 2315 571 2406; x_wconf 88' lang='lat' dir='ltr'>interpretationum</span> <span class='ocrx_word' id='word_1_248' title='bbox 589 2313 697 2382; x_wconf 89' lang='lat' dir='ltr'>nimis</span> <span class='ocrx_word' id='word_1_249' title='bbox 713 2311 825 2383; x_wconf 92' lang='lat' dir='ltr'>multa</span> <span class='ocrx_word' id='word_1_250' title='bbox 839 2311 970 2404; x_wconf 92' lang='lat' dir='ltr'>passim</span> <span class='ocrx_word' id='word_1_251' title='bbox 987 2309 1092 2381; x_wconf 85' lang='lat' dir='ltr'>obvia</span> <span class='ocrx_word' id='word_1_252' title='bbox 1144 2307 1331 2394; x_wconf 90' lang='lat' dir='ltr'>cordibus,</span> <span class='ocrx_word' id='word_1_253' title='bbox 1356 2309 1447 2378; x_wconf 92' lang='lat' dir='ltr'>sicut</span> <span class='ocrx_word' id='word_1_254' title='bbox 1464 2311 1670 2400; x_wconf 86' lang='lat' dir='ltr'>planissime</span> <span class='ocrx_word' id='word_1_255' title='bbox 1686 2313 1818 2384; x_wconf 91' lang='lat' dir='ltr'>dicitnr</span> <span class='ocrx_word' id='word_1_256' title='bbox 1834 2317 1878 2384; x_wconf 91' lang='lat' dir='ltr'>de</span> <span class='ocrx_word' id='word_1_257' title='bbox 1894 2327 2037 2386; x_wconf 81' lang='lat' dir='ltr'>externo</span> <span class='ocrx_word' id='word_1_258' title='bbox 2062 2318 2130 2387; x_wconf 92' lang='lat' dir='ltr'>mi·</span> 
     </span>
     <span class='ocr_line' id='line_1_21' title="bbox 98 2403 2135 2510; baseline -0.002 -18"><span class='ocrx_word' id='word_1_259' title='bbox 98 2431 205 2503; x_wconf 90' lang='lat' dir='ltr'>sunt,</span> <span class='ocrx_word' id='word_1_260' title='bbox 233 2439 298 2486; x_wconf 90' lang='lat' dir='ltr'>nec</span> <span class='ocrx_word' id='word_1_261' title='bbox 311 2415 460 2486; x_wconf 89' lang='lat' dir='ltr'>dubium</span> <span class='ocrx_word' id='word_1_262' title='bbox 478 2427 528 2486; x_wconf 90' lang='lat' dir='ltr'>est</span> <span class='ocrx_word' id='word_1_263' title='bbox 547 2416 679 2486; x_wconf 90' lang='lat' dir='ltr'>multos</span> <span class='ocrx_word' id='word_1_264' title='bbox 693 2429 801 2486; x_wconf 89' lang='lat' dir='ltr'>tetros</span> <span class='ocrx_word' id='word_1_265' title='bbox 817 2437 954 2483; x_wconf 89' lang='lat' dir='ltr'>errores</span> <span class='ocrx_word' id='word_1_266' title='bbox 978 2413 1023 2482; x_wconf 93' lang='lat' dir='ltr'>ab</span> <span class='ocrx_word' id='word_1_267' title='bbox 1048 2411 1092 2482; x_wconf 92' lang='lat' dir='ltr'>iis</span> <span class='ocrx_word' id='word_1_268' title='bbox 1145 2407 1310 2478; x_wconf 86' lang='lat' dir='ltr'>nisterio:</span> <span class='ocrx_word' id='word_1_269' title='bbox 1363 2403 1556 2504; x_wconf 84' lang='lat' dir='ltr'>Quomodo</span> <span class='ocrx_word' id='word_1_270' title='bbox 1578 2409 1749 2495; x_wconf 84' lang='lat' dir='ltr'>audient,</span> <span class='ocrx_word' id='word_1_271' title='bbox 1783 2413 1861 2485; x_wconf 86' lang='lat' dir='ltr'>nisi</span> <span class='ocrx_word' id='word_1_272' title='bbox 1879 2413 2135 2510; x_wconf 79' lang='lat' dir='ltr'>praedicatum</span> 
     </span>
     <span class='ocr_line' id='line_1_22' title="bbox 99 2505 2136 2616; baseline -0 -23"><span class='ocrx_word' id='word_1_273' title='bbox 99 2535 198 2594; x_wconf 90' lang='lat' dir='ltr'>ortos</span> <span class='ocrx_word' id='word_1_274' title='bbox 213 2541 305 2604; x_wconf 90' lang='lat' dir='ltr'>esse,</span> <span class='ocrx_word' id='word_1_275' title='bbox 330 2519 486 2608; x_wconf 90' lang='lat' dir='ltr'>quicum</span> <span class='ocrx_word' id='word_1_276' title='bbox 502 2529 618 2586; x_wconf 88' lang='lat' dir='ltr'>essent</span> <span class='ocrx_word' id='word_1_277' title='bbox 634 2515 789 2600; x_wconf 90' lang='lat' dir='ltr'>indocti,</span> <span class='ocrx_word' id='word_1_278' title='bbox 814 2515 1002 2586; x_wconf 89' lang='lat' dir='ltr'>continuas</span> <span class='ocrx_word' id='word_1_279' title='bbox 1018 2513 1092 2584; x_wconf 91' lang='lat' dir='ltr'>dis·</span> <span class='ocrx_word' id='word_1_280' title='bbox 1135 2505 1287 2608; x_wconf 76' lang='lat' dir='ltr'>ficeret?</span> <span class='ocrx_word' id='word_1_281' title='bbox 1333 2508 1381 2582; x_wconf 91' lang='lat' dir='ltr'>Et</span> <span class='ocrx_word' id='word_1_282' title='bbox 1414 2513 1458 2582; x_wconf 90' lang='lat' dir='ltr'>de</span> <span class='ocrx_word' id='word_1_283' title='bbox 1488 2514 1617 2606; x_wconf 86' lang='lat' dir='ltr'>scripta</span> <span class='ocrx_word' id='word_1_284' title='bbox 1643 2517 1805 2588; x_wconf 88' lang='lat' dir='ltr'>doctrina</span> <span class='ocrx_word' id='word_1_285' title='bbox 1830 2515 1977 2590; x_wconf 81' lang='lat' dir='ltr'>Esaias</span> <span class='ocrx_word' id='word_1_286' title='bbox 2004 2522 2136 2616; x_wconf 76' lang='lat' dir='ltr'>inquit,</span> 
     </span>
     <span class='ocr_line' id='line_1_23' title="bbox 99 2603 2129 2718; baseline -0.001 -25"><span class='ocrx_word' id='word_1_287' title='bbox 99 2622 303 2718; x_wconf 86' lang='lat' dir='ltr'>potationes</span> <span class='ocrx_word' id='word_1_288' title='bbox 319 2609 436 2688; x_wconf 84' lang='lat' dir='ltr'>Pauli</span> <span class='ocrx_word' id='word_1_289' title='bbox 457 2631 490 2688; x_wconf 89' lang='lat' dir='ltr'>et</span> <span class='ocrx_word' id='word_1_290' title='bbox 513 2641 709 2688; x_wconf 89' lang='lat' dir='ltr'>sermonem</span> <span class='ocrx_word' id='word_1_291' title='bbox 730 2617 806 2688; x_wconf 85' lang='lat' dir='ltr'>eius</span> <span class='ocrx_word' id='word_1_292' title='bbox 818 2641 893 2686; x_wconf 92' lang='lat' dir='ltr'>non</span> <span class='ocrx_word' id='word_1_293' title='bbox 909 2616 1092 2686; x_wconf 80' lang='lat' dir='ltr'>intellexa·</span> <span class='ocrx_word' id='word_1_294' title='bbox 1144 2605 1208 2680; x_wconf 82' lang='lat' dir='ltr'>Ad</span> <span class='ocrx_word' id='word_1_295' title='bbox 1218 2603 1356 2706; x_wconf 83' lang='lat' dir='ltr'>Legem</span> <span class='ocrx_word' id='word_1_296' title='bbox 1370 2621 1410 2702; x_wconf 19' lang='lat' dir='ltr'>get</span> <span class='ocrx_word' id='word_1_297' title='bbox 1431 2609 1488 2684; x_wconf 87' lang='lat' dir='ltr'>od</span> <span class='ocrx_word' id='word_1_298' title='bbox 1498 2609 1780 2692; x_wconf 85' lang='lat' dir='ltr'>Testimonium.</span> <span class='ocrx_word' id='word_1_299' title='bbox 1831 2619 1961 2694; x_wconf 89' lang='lat' dir='ltr'>Delent</span> <span class='ocrx_word' id='word_1_300' title='bbox 1983 2624 2129 2694; x_wconf 83' lang='lat' dir='ltr'>fanatici</span> 
     </span>
     <span class='ocr_line' id='line_1_24' title="bbox 100 2715 2133 2816; baseline -0 -23"><span class='ocrx_word' id='word_1_301' title='bbox 100 2739 206 2808; x_wconf 87' lang='lat' dir='ltr'>runt,</span> <span class='ocrx_word' id='word_1_302' title='bbox 226 2719 517 2816; x_wconf 12' lang='lat' dir='ltr'>ideoquegmutila</span> <span class='ocrx_word' id='word_1_303' title='bbox 534 2720 690 2790; x_wconf 91' lang='lat' dir='ltr'>membra</span> <span class='ocrx_word' id='word_1_304' title='bbox 706 2732 971 2811; x_wconf 87' lang='lat' dir='ltr'>excerpserunt,</span> <span class='ocrx_word' id='word_1_305' title='bbox 996 2731 1032 2787; x_wconf 91' lang='lat' dir='ltr'>et</span> <span class='ocrx_word' id='word_1_306' title='bbox 1048 2717 1092 2785; x_wconf 90' lang='lat' dir='ltr'>iis</span> <span class='ocrx_word' id='word_1_307' title='bbox 1144 2715 1422 2784; x_wconf 87' lang='lat' dir='ltr'>consolationem</span> <span class='ocrx_word' id='word_1_308' title='bbox 1444 2720 1694 2804; x_wconf 88' lang='lat' dir='ltr'>neeessariam,</span> <span class='ocrx_word' id='word_1_309' title='bbox 1726 2745 1807 2790; x_wconf 91' lang='lat' dir='ltr'>cnm</span> <span class='ocrx_word' id='word_1_310' title='bbox 1831 2721 1870 2792; x_wconf 93' lang='lat' dir='ltr'>in</span> <span class='ocrx_word' id='word_1_311' title='bbox 1892 2725 2133 2796; x_wconf 85' lang='lat' dir='ltr'>dubitationi-</span> 
     </span>
     <span class='ocr_line' id='line_1_25' title="bbox 102 2817 2133 2918; baseline -0.001 -20"><span class='ocrx_word' id='word_1_312' title='bbox 102 2827 300 2898; x_wconf 89' lang='lat' dir='ltr'>induerunt</span> <span class='ocrx_word' id='word_1_313' title='bbox 321 2821 513 2892; x_wconf 89' lang='lat' dir='ltr'>sententias</span> <span class='ocrx_word' id='word_1_314' title='bbox 534 2833 635 2892; x_wconf 88' lang='lat' dir='ltr'>natas</span> <span class='ocrx_word' id='word_1_315' title='bbox 655 2819 695 2890; x_wconf 94' lang='lat' dir='ltr'>in</span> <span class='ocrx_word' id='word_1_316' title='bbox 716 2819 821 2912; x_wconf 91' lang='lat' dir='ltr'>ipsis,</span> <span class='ocrx_word' id='word_1_317' title='bbox 847 2845 921 2889; x_wconf 94' lang='lat' dir='ltr'>non</span> <span class='ocrx_word' id='word_1_318' title='bbox 944 2819 1091 2890; x_wconf 90' lang='lat' dir='ltr'>traditas</span> <span class='ocrx_word' id='word_1_319' title='bbox 1144 2817 1210 2884; x_wconf 90' lang='lat' dir='ltr'>bns</span> <span class='ocrx_word' id='word_1_320' title='bbox 1235 2829 1270 2886; x_wconf 93' lang='lat' dir='ltr'>et</span> <span class='ocrx_word' id='word_1_321' title='bbox 1293 2818 1479 2888; x_wconf 88' lang='lat' dir='ltr'>doloribus</span> <span class='ocrx_word' id='word_1_322' title='bbox 1499 2821 1682 2893; x_wconf 88' lang='lat' dir='ltr'>abducunt</span> <span class='ocrx_word' id='word_1_323' title='bbox 1706 2846 1771 2892; x_wconf 89' lang='lat' dir='ltr'>nos</span> <span class='ocrx_word' id='word_1_324' title='bbox 1786 2847 1804 2892; x_wconf 91' lang='lat' dir='ltr'>a</span> <span class='ocrx_word' id='word_1_325' title='bbox 1822 2825 1964 2915; x_wconf 87' lang='lat' dir='ltr'>scriptis</span> <span class='ocrx_word' id='word_1_326' title='bbox 1980 2827 2133 2918; x_wconf 85' lang='lat' dir='ltr'>promis·</span> 
     </span>
     <span class='ocr_line' id='line_1_26' title="bbox 104 2917 2133 3015; baseline -0 -17"><span class='ocrx_word' id='word_1_327' title='bbox 104 2931 141 2998; x_wconf 93' lang='lat' dir='ltr'>in</span> <span class='ocrx_word' id='word_1_328' title='bbox 155 2947 317 2996; x_wconf 89' lang='lat' dir='ltr'>sermone</span> <span class='ocrx_word' id='word_1_329' title='bbox 327 2917 541 3015; x_wconf 90' lang='lat' dir='ltr'>Prophetico</span> <span class='ocrx_word' id='word_1_330' title='bbox 556 2917 819 3012; x_wconf 85' lang='lat' dir='ltr'>etApostolico.</span> <span class='ocrx_word' id='word_1_331' title='bbox 869 2919 994 2992; x_wconf 87' lang='lat' dir='ltr'>Postea</span> <span class='ocrx_word' id='word_1_332' title='bbox 1004 2943 1090 2990; x_wconf 92' lang='lat' dir='ltr'>con·</span> <span class='ocrx_word' id='word_1_333' title='bbox 1142 2917 1316 2988; x_wconf 85' lang='lat' dir='ltr'>sionibus.</span> <span class='ocrx_word' id='word_1_334' title='bbox 1366 2917 1632 2994; x_wconf 90' lang='lat' dir='ltr'>Necdocentin</span> <span class='ocrx_word' id='word_1_335' title='bbox 1647 2925 1696 2992; x_wconf 87' lang='lat' dir='ltr'>eis</span> <span class='ocrx_word' id='word_1_336' title='bbox 1711 2929 1970 3014; x_wconf 82' lang='lat' dir='ltr'>agnoscendam</span> <span class='ocrx_word' id='word_1_337' title='bbox 1988 2952 2133 2997; x_wconf 82' lang='lat' dir='ltr'>essevo-</span> 
     </span>
     <span class='ocr_line' id='line_1_27' title="bbox 104 3017 2132 3122; baseline -0 -22"><span class='ocrx_word' id='word_1_338' title='bbox 104 3027 229 3100; x_wconf 87' lang='lat' dir='ltr'>linnati</span> <span class='ocrx_word' id='word_1_339' title='bbox 255 3037 340 3098; x_wconf 89' lang='lat' dir='ltr'>suot</span> <span class='ocrx_word' id='word_1_340' title='bbox 364 3047 501 3094; x_wconf 91' lang='lat' dir='ltr'>errores</span> <span class='ocrx_word' id='word_1_341' title='bbox 526 3047 699 3094; x_wconf 90' lang='lat' dir='ltr'>consensu</span> <span class='ocrx_word' id='word_1_342' title='bbox 727 3022 987 3105; x_wconf 88' lang='lat' dir='ltr'>multitudinis,</span> <span class='ocrx_word' id='word_1_343' title='bbox 1020 3045 1090 3115; x_wconf 82' lang='lat' dir='ltr'>qua</span> <span class='ocrx_word' id='word_1_344' title='bbox 1144 3019 1315 3092; x_wconf 89' lang='lat' dir='ltr'>luntatem</span> <span class='ocrx_word' id='word_1_345' title='bbox 1328 3017 1415 3105; x_wconf 92' lang='lat' dir='ltr'>Dei,</span> <span class='ocrx_word' id='word_1_346' title='bbox 1440 3037 1475 3092; x_wconf 90' lang='lat' dir='ltr'>et</span> <span class='ocrx_word' id='word_1_347' title='bbox 1495 3047 1616 3095; x_wconf 89' lang='lat' dir='ltr'>earnm</span> <span class='ocrx_word' id='word_1_348' title='bbox 1632 3025 1844 3114; x_wconf 84' lang='lat' dir='ltr'>cogitatione</span> <span class='ocrx_word' id='word_1_349' title='bbox 1864 3029 1970 3098; x_wconf 84' lang='lat' dir='ltr'>fidem</span> <span class='ocrx_word' id='word_1_350' title='bbox 1993 3030 2132 3122; x_wconf 87' lang='lat' dir='ltr'>erigen-</span> 
     </span>
     <span class='ocr_line' id='line_1_28' title="bbox 108 3117 2133 3220; baseline 0.001 -22"><span class='ocrx_word' id='word_1_351' title='bbox 108 3131 267 3220; x_wconf 88' lang='lat' dir='ltr'>deinceps</span> <span class='ocrx_word' id='word_1_352' title='bbox 300 3126 421 3219; x_wconf 90' lang='lat' dir='ltr'>stipati</span> <span class='ocrx_word' id='word_1_353' title='bbox 456 3125 591 3198; x_wconf 91' lang='lat' dir='ltr'>indocti</span> <span class='ocrx_word' id='word_1_354' title='bbox 623 3139 657 3196; x_wconf 92' lang='lat' dir='ltr'>et</span> <span class='ocrx_word' id='word_1_355' title='bbox 685 3125 771 3194; x_wconf 90' lang='lat' dir='ltr'>mali</span> <span class='ocrx_word' id='word_1_356' title='bbox 799 3137 1032 3196; x_wconf 85' lang='lat' dir='ltr'>exercuerunt</span> <span class='ocrx_word' id='word_1_357' title='bbox 1057 3137 1092 3194; x_wconf 91' lang='lat' dir='ltr'>et</span> <span class='ocrx_word' id='word_1_358' title='bbox 1143 3123 1238 3198; x_wconf 91' lang='lat' dir='ltr'>dam.</span> <span class='ocrx_word' id='word_1_359' title='bbox 1289 3119 1360 3194; x_wconf 91' lang='lat' dir='ltr'>Sed</span> <span class='ocrx_word' id='word_1_360' title='bbox 1383 3123 1427 3192; x_wconf 88' lang='lat' dir='ltr'>de</span> <span class='ocrx_word' id='word_1_361' title='bbox 1447 3117 1513 3198; x_wconf 85' lang='lat' dir='ltr'>hac</span> <span class='ocrx_word' id='word_1_362' title='bbox 1535 3129 1774 3199; x_wconf 86' lang='lat' dir='ltr'>controversia</span> <span class='ocrx_word' id='word_1_363' title='bbox 1808 3153 1931 3201; x_wconf 90' lang='lat' dir='ltr'>rursus</span> <span class='ocrx_word' id='word_1_364' title='bbox 1963 3131 2049 3202; x_wconf 88' lang='lat' dir='ltr'>alibi</span> <span class='ocrx_word' id='word_1_365' title='bbox 2076 3133 2133 3201; x_wconf 90' lang='lat' dir='ltr'>di-</span> 
     </span>
     <span class='ocr_line' id='line_1_29' title="bbox 113 3225 1770 3320; baseline -0.004 -22"><span class='ocrx_word' id='word_1_366' title='bbox 113 3245 263 3302; x_wconf 80' lang='lat' dir='ltr'>exercent</span> <span class='ocrx_word' id='word_1_367' title='bbox 287 3251 450 3317; x_wconf 90' lang='lat' dir='ltr'>magnam</span> <span class='ocrx_word' id='word_1_368' title='bbox 472 3227 700 3320; x_wconf 86' lang='lat' dir='ltr'>tyrannidem</span> <span class='ocrx_word' id='word_1_369' title='bbox 717 3240 839 3312; x_wconf 81' lang='lat' dir='ltr'>contra</span> <span class='ocrx_word' id='word_1_370' title='bbox 856 3226 951 3316; x_wconf 88' lang='lat' dir='ltr'>pios,</span> <span class='ocrx_word' id='word_1_371' title='bbox 974 3239 1013 3297; x_wconf 90' lang='lat' dir='ltr'>nt</span> <span class='ocrx_word' id='word_1_372' title='bbox 1035 3225 1091 3294; x_wconf 89' lang='lat' dir='ltr'>di·</span> <span class='ocrx_word' id='word_1_373' title='bbox 1143 3247 1273 3297; x_wconf 88' lang='lat' dir='ltr'>cemus.</span> <span class='ocrx_word' id='word_1_374' title='bbox 1766 3311 1770 3316; x_wconf 85' lang='lat'>.</span> 
     </span>
     <span class='ocr_line' id='line_1_30' title="bbox 109 3321 2134 3426; baseline 0.003 -24"><span class='ocrx_word' id='word_1_375' title='bbox 109 3345 199 3402; x_wconf 76' lang='lat' dir='ltr'>dum</span> <span class='ocrx_word' id='word_1_376' title='bbox 215 3345 268 3402; x_wconf 92' lang='lat' dir='ltr'>est</span> <span class='ocrx_word' id='word_1_377' title='bbox 292 3330 330 3399; x_wconf 88' lang='lat' dir='ltr'>in</span> <span class='ocrx_word' id='word_1_378' title='bbox 352 3321 555 3426; x_wconf 82' lang='lat' dir='ltr'>Euripide,</span> <span class='ocrx_word' id='word_1_379' title='bbox 582 3324 653 3401; x_wconf 80' lang='grc' dir='ltr'>σὺν</span> <span class='ocrx_word' id='word_1_380' title='bbox 674 3325 771 3422; x_wconf 81' lang='grc' dir='ltr'><em>ὄχλῳ</em></span> <span class='ocrx_word' id='word_1_381' title='bbox 793 3324 962 3419; x_wconf 72' lang='grc' dir='ltr'><strong><em>ἀμαθία,</em></strong></span> <span class='ocrx_word' id='word_1_382' title='bbox 987 3321 1092 3426; x_wconf 76' lang='lat' dir='ltr'>pce&#39;yt·</span> <span class='ocrx_word' id='word_1_383' title='bbox 1246 3325 1350 3396; x_wconf 91' lang='lat' dir='ltr'>Nunc</span> <span class='ocrx_word' id='word_1_384' title='bbox 1366 3325 1481 3398; x_wconf 90' lang='lat' dir='ltr'>obiter</span> <span class='ocrx_word' id='word_1_385' title='bbox 1497 3323 1584 3400; x_wconf 89' lang='lat' dir='ltr'>haec</span> <span class='ocrx_word' id='word_1_386' title='bbox 1601 3331 1755 3416; x_wconf 85' lang='lat' dir='ltr'>intexui,</span> <span class='ocrx_word' id='word_1_387' title='bbox 1772 3343 1812 3405; x_wconf 87' lang='lat' dir='ltr'>nt</span> <span class='ocrx_word' id='word_1_388' title='bbox 1827 3337 2031 3407; x_wconf 87' lang='lat' dir='ltr'>confirmem</span> <span class='ocrx_word' id='word_1_389' title='bbox 2048 3333 2134 3408; x_wconf 88' lang='lat' dir='ltr'>baec</span> 
     </span>
     <span class='ocr_line' id='line_1_31' title="bbox 105 3425 2131 3528; baseline 0.001 -23"><span class='ocrx_word' id='word_1_390' title='bbox 105 3451 193 3506; x_wconf 79' lang='lat' dir='ltr'>uror</span> <span class='ocrx_word' id='word_1_391' title='bbox 214 3425 349 3504; x_wconf 83' lang='grc' dir='ltr'><em>κακόν·</em></span> <span class='ocrx_word' id='word_1_392' title='bbox 401 3429 503 3520; x_wconf 86' lang='lat' dir='ltr'>Quae</span> <span class='ocrx_word' id='word_1_393' title='bbox 527 3431 628 3500; x_wconf 88' lang='lat' dir='ltr'>litera</span> <span class='ocrx_word' id='word_1_394' title='bbox 657 3443 709 3500; x_wconf 92' lang='lat' dir='ltr'>est</span> <span class='ocrx_word' id='word_1_395' title='bbox 737 3429 776 3498; x_wconf 92' lang='lat' dir='ltr'>in</span> <span class='ocrx_word' id='word_1_396' title='bbox 801 3425 1023 3521; x_wconf 88' lang='lat' dir='ltr'>Propheticis</span> <span class='ocrx_word' id='word_1_397' title='bbox 1059 3441 1093 3498; x_wconf 91' lang='lat' dir='ltr'>et</span> <span class='ocrx_word' id='word_1_398' title='bbox 1145 3427 1297 3517; x_wconf 87' lang='lat' dir='ltr'>legentes</span> <span class='ocrx_word' id='word_1_399' title='bbox 1314 3443 1436 3500; x_wconf 91' lang='lat' dir='ltr'>contra</span> <span class='ocrx_word' id='word_1_400' title='bbox 1456 3432 1640 3503; x_wconf 87' lang='lat' dir='ltr'>doctrinae</span> <span class='ocrx_word' id='word_1_401' title='bbox 1651 3436 1919 3528; x_wconf 85' lang='lat' dir='ltr'>vituperatores.</span> <span class='ocrx_word' id='word_1_402' title='bbox 1973 3434 2131 3509; x_wconf 87' lang='lat' dir='ltr'>Oroan-</span> 
     </span>
     <span class='ocr_line' id='line_1_32' title="bbox 100 3527 2132 3630; baseline -0 -22"><span class='ocrx_word' id='word_1_403' title='bbox 100 3535 317 3627; x_wconf 80' lang='lat' dir='ltr'>Apostolicis</span> <span class='ocrx_word' id='word_1_404' title='bbox 333 3532 492 3624; x_wconf 89' lang='lat' dir='ltr'>scriptis,</span> <span class='ocrx_word' id='word_1_405' title='bbox 522 3555 612 3626; x_wconf 87' lang='lat' dir='ltr'>quae</span> <span class='ocrx_word' id='word_1_406' title='bbox 628 3529 850 3601; x_wconf 86' lang='lat' dir='ltr'>invocationi</span> <span class='ocrx_word' id='word_1_407' title='bbox 866 3543 1090 3600; x_wconf 90' lang='lat' dir='ltr'>mortuorum</span> <span class='ocrx_word' id='word_1_408' title='bbox 1144 3542 1213 3599; x_wconf 89' lang='lat' dir='ltr'>tem</span> <span class='ocrx_word' id='word_1_409' title='bbox 1230 3527 1309 3618; x_wconf 90' lang='lat' dir='ltr'>pios</span> <span class='ocrx_word' id='word_1_410' title='bbox 1327 3527 1528 3622; x_wconf 88' lang='lat' dir='ltr'>Principes,</span> <span class='ocrx_word' id='word_1_411' title='bbox 1543 3545 1585 3604; x_wconf 92' lang='lat' dir='ltr'>ut</span> <span class='ocrx_word' id='word_1_412' title='bbox 1599 3549 1632 3604; x_wconf 90' lang='lat' dir='ltr'>et</span> <span class='ocrx_word' id='word_1_413' title='bbox 1653 3535 1721 3624; x_wconf 87' lang='lat' dir='ltr'>ipsi</span> <span class='ocrx_word' id='word_1_414' title='bbox 1737 3559 1800 3608; x_wconf 87' lang='lat' dir='ltr'>sua</span> <span class='ocrx_word' id='word_1_415' title='bbox 1816 3537 2005 3609; x_wconf 88' lang='lat' dir='ltr'>autoritate</span> <span class='ocrx_word' id='word_1_416' title='bbox 2020 3553 2132 3630; x_wconf 90' lang='lat' dir='ltr'>pestes</span> 
     </span>
     <span class='ocr_line' id='line_1_33' title="bbox 100 3623 2130 3727; baseline 0 -19"><span class='ocrx_word' id='word_1_417' title='bbox 100 3634 289 3708; x_wconf 87' lang='lat' dir='ltr'>hominnm</span> <span class='ocrx_word' id='word_1_418' title='bbox 315 3631 583 3727; x_wconf 79' lang='lat' dir='ltr'>patrocinetur?</span> <span class='ocrx_word' id='word_1_419' title='bbox 632 3627 681 3704; x_wconf 90' lang='lat' dir='ltr'>Et</span> <span class='ocrx_word' id='word_1_420' title='bbox 702 3645 821 3704; x_wconf 91' lang='lat' dir='ltr'>tamen</span> <span class='ocrx_word' id='word_1_421' title='bbox 849 3631 1091 3724; x_wconf 87' lang='lat' dir='ltr'>praestigiato-</span> <span class='ocrx_word' id='word_1_422' title='bbox 1145 3629 1224 3698; x_wconf 93' lang='lat' dir='ltr'>illas</span> <span class='ocrx_word' id='word_1_423' title='bbox 1239 3623 1435 3710; x_wconf 86' lang='lat' dir='ltr'>Ecclesiae,</span> <span class='ocrx_word' id='word_1_424' title='bbox 1461 3657 1552 3724; x_wconf 91' lang='lat' dir='ltr'>qnae</span> <span class='ocrx_word' id='word_1_425' title='bbox 1564 3637 1762 3706; x_wconf 89' lang='lat' dir='ltr'>doctrinam</span> <span class='ocrx_word' id='word_1_426' title='bbox 1778 3649 1814 3708; x_wconf 89' lang='lat' dir='ltr'>et</span> <span class='ocrx_word' id='word_1_427' title='bbox 1828 3637 2065 3710; x_wconf 89' lang='lat' dir='ltr'>ministerium</span> <span class='ocrx_word' id='word_1_428' title='bbox 2091 3641 2130 3710; x_wconf 92' lang='lat' dir='ltr'>in</span> 
     </span>
     <span class='ocr_line' id='line_1_34' title="bbox 99 3731 2134 3833; baseline 0 -23"><span class='ocrx_word' id='word_1_429' title='bbox 99 3761 158 3812; x_wconf 85' lang='lat' dir='ltr'>res</span> <span class='ocrx_word' id='word_1_430' title='bbox 180 3739 325 3833; x_wconf 90' lang='lat' dir='ltr'>quidem</span> <span class='ocrx_word' id='word_1_431' title='bbox 349 3737 433 3806; x_wconf 91' lang='lat' dir='ltr'>inde</span> <span class='ocrx_word' id='word_1_432' title='bbox 454 3747 601 3806; x_wconf 87' lang='lat' dir='ltr'>sumunt</span> <span class='ocrx_word' id='word_1_433' title='bbox 623 3732 826 3805; x_wconf 88' lang='lat' dir='ltr'>testimonia</span> <span class='ocrx_word' id='word_1_434' title='bbox 850 3747 971 3805; x_wconf 89' lang='lat' dir='ltr'>contra</span> <span class='ocrx_word' id='word_1_435' title='bbox 1005 3756 1092 3802; x_wconf 91' lang='lat' dir='ltr'>con·</span> <span class='ocrx_word' id='word_1_436' title='bbox 1145 3745 1361 3801; x_wconf 89' lang='lat' dir='ltr'>contemtum</span> <span class='ocrx_word' id='word_1_437' title='bbox 1386 3731 1585 3820; x_wconf 89' lang='lat' dir='ltr'>adducunt,</span> <span class='ocrx_word' id='word_1_438' title='bbox 1610 3736 1824 3828; x_wconf 88' lang='lat' dir='ltr'>reprimant,</span> <span class='ocrx_word' id='word_1_439' title='bbox 1850 3753 1886 3812; x_wconf 94' lang='lat' dir='ltr'>et</span> <span class='ocrx_word' id='word_1_440' title='bbox 1905 3743 2134 3832; x_wconf 84' lang='lat' dir='ltr'>propagatio·</span> 
     </span>
     <span class='ocr_line' id='line_1_35' title="bbox 98 3833 2133 3932; baseline 0.001 -18"><span class='ocrx_word' id='word_1_441' title='bbox 98 3839 302 3920; x_wconf 88' lang='lat' dir='ltr'>scientiam,</span> <span class='ocrx_word' id='word_1_442' title='bbox 326 3852 362 3912; x_wconf 93' lang='lat' dir='ltr'>et</span> <span class='ocrx_word' id='word_1_443' title='bbox 382 3834 623 3926; x_wconf 88' lang='lat' dir='ltr'>munitivulgi</span> <span class='ocrx_word' id='word_1_444' title='bbox 646 3833 929 3924; x_wconf 71' lang='lat' dir='ltr'>autPrincignm</span> <span class='ocrx_word' id='word_1_445' title='bbox 958 3833 1092 3906; x_wconf 87' lang='lat' dir='ltr'>satelli·</span> <span class='ocrx_word' id='word_1_446' title='bbox 1145 3855 1227 3902; x_wconf 89' lang='lat' dir='ltr'>nem</span> <span class='ocrx_word' id='word_1_447' title='bbox 1243 3833 1443 3914; x_wconf 88' lang='lat' dir='ltr'>doctrinae,</span> <span class='ocrx_word' id='word_1_448' title='bbox 1469 3847 1504 3904; x_wconf 89' lang='lat' dir='ltr'>et</span> <span class='ocrx_word' id='word_1_449' title='bbox 1517 3835 1706 3908; x_wconf 91' lang='lat' dir='ltr'>ministerii</span> <span class='ocrx_word' id='word_1_450' title='bbox 1730 3841 1867 3932; x_wconf 89' lang='lat' dir='ltr'>publici</span> <span class='ocrx_word' id='word_1_451' title='bbox 1891 3843 2133 3916; x_wconf 86' lang='lat' dir='ltr'>conservatio-</span> 
     </span>
     <span class='ocr_line' id='line_1_36' title="bbox 98 3935 2132 4034; baseline 0 -18"><span class='ocrx_word' id='word_1_452' title='bbox 98 3945 151 4016; x_wconf 91' lang='lat' dir='ltr'>tio</span> <span class='ocrx_word' id='word_1_453' title='bbox 174 3939 408 4014; x_wconf 86' lang='lat' dir='ltr'>audacissime</span> <span class='ocrx_word' id='word_1_454' title='bbox 434 3952 663 4030; x_wconf 90' lang='lat' dir='ltr'>propugnant</span> <span class='ocrx_word' id='word_1_455' title='bbox 684 3961 743 4022; x_wconf 85' lang='lat' dir='ltr'>ea,</span> <span class='ocrx_word' id='word_1_456' title='bbox 773 3960 865 4030; x_wconf 83' lang='lat' dir='ltr'>quae</span> <span class='ocrx_word' id='word_1_457' title='bbox 896 3935 969 4004; x_wconf 87' lang='lat' dir='ltr'>illis</span> <span class='ocrx_word' id='word_1_458' title='bbox 994 3949 1091 4026; x_wconf 88' lang='lat' dir='ltr'>grate</span> <span class='ocrx_word' id='word_1_459' title='bbox 1144 3957 1227 4004; x_wconf 91' lang='lat' dir='ltr'>uem</span> <span class='ocrx_word' id='word_1_460' title='bbox 1242 3935 1430 4019; x_wconf 86' lang='lat' dir='ltr'>adiuvent,</span> <span class='ocrx_word' id='word_1_461' title='bbox 1453 3936 1545 4007; x_wconf 89' lang='lat' dir='ltr'>sicut</span> <span class='ocrx_word' id='word_1_462' title='bbox 1560 3937 1611 4007; x_wconf 81' lang='lat' dir='ltr'>eie</span> <span class='ocrx_word' id='word_1_463' title='bbox 1628 3955 1851 4034; x_wconf 88' lang='lat' dir='ltr'>praeceptum</span> <span class='ocrx_word' id='word_1_464' title='bbox 1871 3957 1924 4014; x_wconf 85' lang='lat' dir='ltr'>est</span> <span class='ocrx_word' id='word_1_465' title='bbox 1944 3967 2025 4015; x_wconf 93' lang='lat' dir='ltr'>cum</span> <span class='ocrx_word' id='word_1_466' title='bbox 2040 3945 2132 4016; x_wconf 90' lang='lat' dir='ltr'>diri-</span> 
     </span>
     <span class='ocr_line' id='line_1_37' title="bbox 99 4025 2132 4135; baseline 0 -19"><span class='ocrx_word' id='word_1_467' title='bbox 99 4059 197 4118; x_wconf 89' lang='lat' dir='ltr'>suut.</span> <span class='ocrx_word' id='word_1_468' title='bbox 246 4041 343 4114; x_wconf 90' lang='lat' dir='ltr'>llaec</span> <span class='ocrx_word' id='word_1_469' title='bbox 358 4041 450 4112; x_wconf 84' lang='lat' dir='ltr'>fiunt</span> <span class='ocrx_word' id='word_1_470' title='bbox 465 4065 561 4110; x_wconf 89' lang='lat' dir='ltr'>nunc</span> <span class='ocrx_word' id='word_1_471' title='bbox 575 4063 656 4111; x_wconf 93' lang='lat' dir='ltr'>cum</span> <span class='ocrx_word' id='word_1_472' title='bbox 671 4033 788 4110; x_wconf 90' lang='lat' dir='ltr'>adbuc</span> <span class='ocrx_word' id='word_1_473' title='bbox 803 4037 996 4108; x_wconf 88' lang='lat' dir='ltr'>mediocria</span> <span class='ocrx_word' id='word_1_474' title='bbox 1010 4051 1093 4108; x_wconf 91' lang='lat' dir='ltr'>eunt</span> <span class='ocrx_word' id='word_1_475' title='bbox 1145 4047 1223 4119; x_wconf 93' lang='lat' dir='ltr'>tur,</span> <span class='ocrx_word' id='word_1_476' title='bbox 1248 4031 1303 4104; x_wconf 84' lang='lat' dir='ltr'>Et</span> <span class='ocrx_word' id='word_1_477' title='bbox 1317 4059 1415 4106; x_wconf 82' lang='lat' dir='ltr'>nunc</span> <span class='ocrx_word' id='word_1_478' title='bbox 1431 4029 1554 4130; x_wconf 78' lang='lat' dir='ltr'>Reges</span> <span class='ocrx_word' id='word_1_479' title='bbox 1568 4025 1784 4135; x_wconf 79' lang='lat' dir='ltr'>intelligite:</span> <span class='ocrx_word' id='word_1_480' title='bbox 1808 4035 2051 4116; x_wconf 84' lang='lat' dir='ltr'>Osculumini</span> <span class='ocrx_word' id='word_1_481' title='bbox 2060 4039 2132 4118; x_wconf 76' lang='lat' dir='ltr'>Fi-</span> 
     </span>
     <span class='ocr_line' id='line_1_38' title="bbox 100 4133 2132 4242; baseline 0 -24"><span class='ocrx_word' id='word_1_482' title='bbox 100 4149 289 4218; x_wconf 86' lang='lat' dir='ltr'>literarum</span> <span class='ocrx_word' id='word_1_483' title='bbox 301 4141 436 4227; x_wconf 91' lang='lat' dir='ltr'>studia,</span> <span class='ocrx_word' id='word_1_484' title='bbox 461 4153 495 4212; x_wconf 90' lang='lat' dir='ltr'>et</span> <span class='ocrx_word' id='word_1_485' title='bbox 510 4142 612 4212; x_wconf 91' lang='lat' dir='ltr'>multi</span> <span class='ocrx_word' id='word_1_486' title='bbox 635 4155 718 4212; x_wconf 78' lang='lat' dir='ltr'>erint</span> <span class='ocrx_word' id='word_1_487' title='bbox 740 4153 832 4212; x_wconf 89' lang='lat' dir='ltr'>recte</span> <span class='ocrx_word' id='word_1_488' title='bbox 853 4141 1003 4220; x_wconf 86' lang='lat' dir='ltr'>eruditi,</span> <span class='ocrx_word' id='word_1_489' title='bbox 1029 4140 1090 4231; x_wconf 87' lang='lat' dir='ltr'>qui</span> <span class='ocrx_word' id='word_1_490' title='bbox 1145 4133 1251 4212; x_wconf 83' lang='lat' dir='ltr'>liunt.</span> <span class='ocrx_word' id='word_1_491' title='bbox 1302 4133 1447 4233; x_wconf 77' lang='lat' dir='ltr'>Aperite</span> <span class='ocrx_word' id='word_1_492' title='bbox 1467 4147 1595 4234; x_wconf 81' lang='lat' dir='ltr'>portas</span> <span class='ocrx_word' id='word_1_493' title='bbox 1611 4135 1801 4242; x_wconf 83' lang='lat' dir='ltr'>Principes</span> <span class='ocrx_word' id='word_1_494' title='bbox 1827 4157 1977 4220; x_wconf 79' lang='lat' dir='ltr'>oestrus.</span> <span class='ocrx_word' id='word_1_495' title='bbox 2030 4147 2132 4237; x_wconf 91' lang='lat' dir='ltr'>ltem,</span> 
     </span>
     <span class='ocr_line' id='line_1_39' title="bbox 100 4231 2132 4342; baseline 0 -22"><span class='ocrx_word' id='word_1_496' title='bbox 100 4251 258 4322; x_wconf 81' lang='lat' dir='ltr'>refutare</span> <span class='ocrx_word' id='word_1_497' title='bbox 280 4241 434 4330; x_wconf 80' lang='lat' dir='ltr'>errores,</span> <span class='ocrx_word' id='word_1_498' title='bbox 467 4258 501 4314; x_wconf 89' lang='lat' dir='ltr'>et</span> <span class='ocrx_word' id='word_1_499' title='bbox 526 4242 782 4334; x_wconf 88' lang='lat' dir='ltr'>impudentiam</span> <span class='ocrx_word' id='word_1_500' title='bbox 805 4244 992 4314; x_wconf 89' lang='lat' dir='ltr'>ostendere</span> <span class='ocrx_word' id='word_1_501' title='bbox 1013 4241 1093 4312; x_wconf 84' lang='lat' dir='ltr'>aliis</span> <span class='ocrx_word' id='word_1_502' title='bbox 1143 4231 1267 4331; x_wconf 75' lang='lat' dir='ltr'>Reges</span> <span class='ocrx_word' id='word_1_503' title='bbox 1283 4247 1387 4310; x_wconf 84' lang='lat' dir='ltr'>erunt</span> <span class='ocrx_word' id='word_1_504' title='bbox 1403 4237 1600 4312; x_wconf 80' lang='lat' dir='ltr'>nutritores</span> <span class='ocrx_word' id='word_1_505' title='bbox 1617 4242 1682 4319; x_wconf 90' lang='lat' dir='ltr'>tui.</span> <span class='ocrx_word' id='word_1_506' title='bbox 1735 4246 1790 4317; x_wconf 87' lang='lat' dir='ltr'>Te</span> <span class='ocrx_word' id='word_1_507' title='bbox 1803 4249 1947 4342; x_wconf 88' lang='lat' dir='ltr'>quidem</span> <span class='ocrx_word' id='word_1_508' title='bbox 1963 4249 2132 4321; x_wconf 86' lang='lat' dir='ltr'>illustris·</span> 
     </span>
     <span class='ocr_line' id='line_1_40' title="bbox 98 4337 2132 4445; baseline 0 -24"><span class='ocrx_word' id='word_1_509' title='bbox 98 4361 271 4445; x_wconf 91' lang='lat' dir='ltr'>possunt,</span> <span class='ocrx_word' id='word_1_510' title='bbox 306 4346 470 4440; x_wconf 90' lang='lat' dir='ltr'>quinon</span> <span class='ocrx_word' id='word_1_511' title='bbox 503 4357 587 4414; x_wconf 90' lang='lat' dir='ltr'>sunt</span> <span class='ocrx_word' id='word_1_512' title='bbox 619 4342 739 4417; x_wconf 75' lang='grc' dir='ltr'><strong><em>ἄθεοι.</em></strong></span> <span class='ocrx_word' id='word_1_513' title='bbox 802 4342 900 4432; x_wconf 86' lang='lat' dir='ltr'>Quid</span> <span class='ocrx_word' id='word_1_514' title='bbox 933 4344 993 4414; x_wconf 83' lang='lat' dir='ltr'>tiet</span> <span class='ocrx_word' id='word_1_515' title='bbox 1026 4341 1093 4412; x_wconf 87' lang='lat' dir='ltr'>ali·</span> <span class='ocrx_word' id='word_1_516' title='bbox 1144 4340 1232 4410; x_wconf 88' lang='lat' dir='ltr'>sime</span> <span class='ocrx_word' id='word_1_517' title='bbox 1245 4337 1347 4428; x_wconf 84' lang='lat' dir='ltr'>Dux,</span> <span class='ocrx_word' id='word_1_518' title='bbox 1373 4365 1453 4412; x_wconf 89' lang='lat' dir='ltr'>cum</span> <span class='ocrx_word' id='word_1_519' title='bbox 1467 4341 1584 4415; x_wconf 85' lang='lat' dir='ltr'>tontes</span> <span class='ocrx_word' id='word_1_520' title='bbox 1599 4345 1782 4418; x_wconf 88' lang='lat' dir='ltr'>doctrinae</span> <span class='ocrx_word' id='word_1_521' title='bbox 1796 4345 1975 4424; x_wconf 85' lang='lat' dir='ltr'>Ecclesiae</span> <span class='ocrx_word' id='word_1_522' title='bbox 1990 4350 2065 4441; x_wconf 87' lang='lat' dir='ltr'>ipse</span> <span class='ocrx_word' id='word_1_523' title='bbox 2078 4353 2132 4422; x_wconf 89' lang='lat' dir='ltr'>le-</span> 
     </span>
     <span class='ocr_line' id='line_1_41' title="bbox 97 4443 2129 4550; baseline 0 -24"><span class='ocrx_word' id='word_1_524' title='bbox 97 4465 237 4550; x_wconf 87' lang='lat' dir='ltr'>quanto</span> <span class='ocrx_word' id='word_1_525' title='bbox 263 4461 359 4540; x_wconf 87' lang='lat' dir='ltr'>post,</span> <span class='ocrx_word' id='word_1_526' title='bbox 391 4472 471 4518; x_wconf 84' lang='lat' dir='ltr'>curn</span> <span class='ocrx_word' id='word_1_527' title='bbox 501 4445 639 4516; x_wconf 90' lang='lat' dir='ltr'>inscitia</span> <span class='ocrx_word' id='word_1_528' title='bbox 672 4445 895 4516; x_wconf 86' lang='lat' dir='ltr'>barbaricam</span> <span class='ocrx_word' id='word_1_529' title='bbox 917 4445 1091 4518; x_wconf 81' lang='lat' dir='ltr'>feritatem</span> <span class='ocrx_word' id='word_1_530' title='bbox 1144 4465 1220 4532; x_wconf 82' lang='lat' dir='ltr'>gas,</span> <span class='ocrx_word' id='word_1_531' title='bbox 1245 4455 1283 4514; x_wconf 92' lang='lat' dir='ltr'>et</span> <span class='ocrx_word' id='word_1_532' title='bbox 1303 4443 1547 4514; x_wconf 90' lang='lat' dir='ltr'>doctrinarum</span> <span class='ocrx_word' id='word_1_533' title='bbox 1571 4445 1675 4519; x_wconf 87' lang='lat' dir='ltr'>initia</span> <span class='ocrx_word' id='word_1_534' title='bbox 1698 4449 1853 4521; x_wconf 78' lang='lat' dir='ltr'>feliciter</span> <span class='ocrx_word' id='word_1_535' title='bbox 1875 4451 2061 4539; x_wconf 87' lang='lat' dir='ltr'>didiceris,</span> <span class='ocrx_word' id='word_1_536' title='bbox 2093 4467 2129 4526; x_wconf 86' lang='lat' dir='ltr'>et</span> 
     </span>
     <span class='ocr_line' id='line_1_42' title="bbox 97 4543 2129 4646; baseline 0.001 -22"><span class='ocrx_word' id='word_1_537' title='bbox 97 4549 271 4646; x_wconf 82' lang='lat' dir='ltr'>augebit?</span> <span class='ocrx_word' id='word_1_538' title='bbox 320 4545 418 4620; x_wconf 88' lang='lat' dir='ltr'>llaec</span> <span class='ocrx_word' id='word_1_539' title='bbox 439 4547 594 4633; x_wconf 85' lang='lat' dir='ltr'>cogitare</span> <span class='ocrx_word' id='word_1_540' title='bbox 609 4544 786 4636; x_wconf 86' lang='lat' dir='ltr'>sapientes</span> <span class='ocrx_word' id='word_1_541' title='bbox 802 4559 837 4616; x_wconf 87' lang='lat' dir='ltr'>et</span> <span class='ocrx_word' id='word_1_542' title='bbox 854 4547 968 4617; x_wconf 89' lang='lat' dir='ltr'>bonos</span> <span class='ocrx_word' id='word_1_543' title='bbox 983 4543 1092 4618; x_wconf 88' lang='lat' dir='ltr'>Prin·</span> <span class='ocrx_word' id='word_1_544' title='bbox 1144 4543 1564 4635; x_wconf 85' lang='lat' dir='ltr'>intelligasuecessariam</span> <span class='ocrx_word' id='word_1_545' title='bbox 1584 4571 1658 4619; x_wconf 86' lang='lat' dir='ltr'>esse</span> <span class='ocrx_word' id='word_1_546' title='bbox 1674 4547 1851 4621; x_wconf 79' lang='lat' dir='ltr'>Ecclesiae</span> <span class='ocrx_word' id='word_1_547' title='bbox 1867 4552 2072 4644; x_wconf 90' lang='lat' dir='ltr'>linguarum</span> <span class='ocrx_word' id='word_1_548' title='bbox 2094 4569 2129 4628; x_wconf 89' lang='lat' dir='ltr'>et</span> 
     </span>
     <span class='ocr_line' id='line_1_43' title="bbox 98 4640 2128 4750; baseline 0.001 -24"><span class='ocrx_word' id='word_1_549' title='bbox 98 4654 201 4750; x_wconf 86' lang='lat' dir='ltr'>cipes</span> <span class='ocrx_word' id='word_1_550' title='bbox 220 4655 338 4736; x_wconf 89' lang='lat' dir='ltr'>decet,</span> <span class='ocrx_word' id='word_1_551' title='bbox 368 4663 410 4722; x_wconf 91' lang='lat' dir='ltr'>ut</span> <span class='ocrx_word' id='word_1_552' title='bbox 431 4647 563 4718; x_wconf 91' lang='lat' dir='ltr'>maiore</span> <span class='ocrx_word' id='word_1_553' title='bbox 587 4672 673 4720; x_wconf 87' lang='lat' dir='ltr'>cura</span> <span class='ocrx_word' id='word_1_554' title='bbox 698 4648 809 4721; x_wconf 89' lang='lat' dir='ltr'>literis</span> <span class='ocrx_word' id='word_1_555' title='bbox 830 4661 866 4740; x_wconf 79' lang='lat' dir='ltr'>et</span> <span class='ocrx_word' id='word_1_556' title='bbox 884 4647 1091 4737; x_wconf 88' lang='lat' dir='ltr'>disciplinae</span> <span class='ocrx_word' id='word_1_557' title='bbox 1143 4640 1373 4716; x_wconf 84' lang='lat' dir='ltr'>honestarum</span> <span class='ocrx_word' id='word_1_558' title='bbox 1392 4647 1523 4718; x_wconf 81' lang='lat' dir='ltr'>artium</span> <span class='ocrx_word' id='word_1_559' title='bbox 1539 4651 1795 4742; x_wconf 84' lang='lat' dir='ltr'>cognitionem,</span> <span class='ocrx_word' id='word_1_560' title='bbox 1816 4674 1919 4744; x_wconf 85' lang='lat' dir='ltr'>spero</span> <span class='ocrx_word' id='word_1_561' title='bbox 1934 4677 2008 4726; x_wconf 92' lang='lat' dir='ltr'>nou</span> <span class='ocrx_word' id='word_1_562' title='bbox 2024 4657 2128 4728; x_wconf 84' lang='lat' dir='ltr'>deiu-</span> 
     </span>
     <span class='ocr_line' id='line_1_44' title="bbox 96 4747 2130 4852; baseline 0.001 -24"><span class='ocrx_word' id='word_1_563' title='bbox 96 4781 208 4852; x_wconf 87' lang='lat' dir='ltr'>opem</span> <span class='ocrx_word' id='word_1_564' title='bbox 225 4756 348 4824; x_wconf 89' lang='lat' dir='ltr'>terant.</span> <span class='ocrx_word' id='word_1_565' title='bbox 373 4749 463 4824; x_wconf 88' lang='lat' dir='ltr'>Cum</span> <span class='ocrx_word' id='word_1_566' title='bbox 479 4747 935 4835; x_wconf 86' lang='lat' dir='ltr'>intereuntliterae,simut</span> <span class='ocrx_word' id='word_1_567' title='bbox 951 4748 1089 4820; x_wconf 79' lang='lat' dir='ltr'>efferari</span> <span class='ocrx_word' id='word_1_568' title='bbox 1142 4760 1262 4820; x_wconf 89' lang='lat' dir='ltr'>turum</span> <span class='ocrx_word' id='word_1_569' title='bbox 1276 4747 1601 4838; x_wconf 82' lang='lat' dir='ltr'>essediscentibua,</span> <span class='ocrx_word' id='word_1_570' title='bbox 1626 4765 1661 4822; x_wconf 88' lang='lat' dir='ltr'>et</span> <span class='ocrx_word' id='word_1_571' title='bbox 1683 4749 1799 4822; x_wconf 88' lang='lat' dir='ltr'>Deum</span> <span class='ocrx_word' id='word_1_572' title='bbox 1821 4779 1904 4843; x_wconf 90' lang='lat' dir='ltr'>oro,</span> <span class='ocrx_word' id='word_1_573' title='bbox 1927 4771 1969 4830; x_wconf 94' lang='lat' dir='ltr'>ut</span> <span class='ocrx_word' id='word_1_574' title='bbox 1995 4771 2030 4829; x_wconf 88' lang='lat' dir='ltr'>te</span> <span class='ocrx_word' id='word_1_575' title='bbox 2053 4781 2130 4830; x_wconf 87' lang='lat' dir='ltr'>eer-</span> 
     </span>
     <span class='ocr_line' id='line_1_45' title="bbox 93 4843 2128 4946; baseline -0 -14"><span class='ocrx_word' id='word_1_576' title='bbox 93 4859 243 4932; x_wconf 82' lang='lat' dir='ltr'>animos</span> <span class='ocrx_word' id='word_1_577' title='bbox 258 4856 488 4934; x_wconf 87' lang='lat' dir='ltr'>videmus,ut</span> <span class='ocrx_word' id='word_1_578' title='bbox 503 4851 645 4935; x_wconf 87' lang='lat' dir='ltr'>dicitnr,</span> <span class='ocrx_word' id='word_1_579' title='bbox 658 4847 809 4944; x_wconf 82' lang='grc' dir='ltr'><em>ἀμαθία</em></span> <span class='ocrx_word' id='word_1_580' title='bbox 822 4843 966 4944; x_wconf 77' lang='grc' dir='ltr'><em>θράσος</em></span> <span class='ocrx_word' id='word_1_581' title='bbox 978 4846 1092 4943; x_wconf 75' lang='lat' dir='ltr'>sinep-</span> <span class='ocrx_word' id='word_1_582' title='bbox 1142 4861 1203 4922; x_wconf 85' lang='lat' dir='ltr'>vet</span> <span class='ocrx_word' id='word_1_583' title='bbox 1221 4863 1255 4920; x_wconf 90' lang='lat' dir='ltr'>et</span> <span class='ocrx_word' id='word_1_584' title='bbox 1269 4851 1453 4940; x_wconf 83' lang='lat' dir='ltr'>gubernet.</span> <span class='ocrx_word' id='word_1_585' title='bbox 1502 4847 1581 4923; x_wconf 92' lang='lat' dir='ltr'>Oro</span> <span class='ocrx_word' id='word_1_586' title='bbox 1605 4853 1711 4926; x_wconf 89' lang='lat' dir='ltr'>etiam</span> <span class='ocrx_word' id='word_1_587' title='bbox 1733 4877 1833 4928; x_wconf 85' lang='lat' dir='ltr'>meos</span> <span class='ocrx_word' id='word_1_588' title='bbox 1857 4859 2128 4946; x_wconf 88' lang='lat' dir='ltr'>commilitones,</span> 
     </span>
     <span class='ocr_line' id='line_1_46' title="bbox 90 4951 2128 5062; baseline -0 -28"><span class='ocrx_word' id='word_1_589' title='bbox 90 4955 273 5062; x_wconf 74' lang='grc' dir='ltr'>γάζεται·</span> <span class='ocrx_word' id='word_1_590' title='bbox 324 4953 457 5026; x_wconf 89' lang='lat' dir='ltr'>Contra</span> <span class='ocrx_word' id='word_1_591' title='bbox 476 4955 536 5050; x_wconf 89' lang='lat' dir='ltr'>qui</span> <span class='ocrx_word' id='word_1_592' title='bbox 554 4955 752 5046; x_wconf 89' lang='lat' dir='ltr'>procedunt</span> <span class='ocrx_word' id='word_1_593' title='bbox 772 4954 810 5022; x_wconf 91' lang='lat' dir='ltr'>in</span> <span class='ocrx_word' id='word_1_594' title='bbox 827 4951 1000 5022; x_wconf 89' lang='lat' dir='ltr'>doctrinis</span> <span class='ocrx_word' id='word_1_595' title='bbox 1013 4975 1091 5020; x_wconf 87' lang='lat' dir='ltr'>ma·</span> <span class='ocrx_word' id='word_1_596' title='bbox 1140 4963 1184 5022; x_wconf 86' lang='lat' dir='ltr'>ut</span> <span class='ocrx_word' id='word_1_597' title='bbox 1204 4951 1431 5028; x_wconf 83' lang='lat' dir='ltr'>concordiam</span> <span class='ocrx_word' id='word_1_598' title='bbox 1452 4969 1592 5040; x_wconf 86' lang='lat' dir='ltr'>ament,</span> <span class='ocrx_word' id='word_1_599' title='bbox 1625 4977 1717 5049; x_wconf 85' lang='lat' dir='ltr'>quae</span> <span class='ocrx_word' id='word_1_600' title='bbox 1736 4954 1864 5029; x_wconf 88' lang='lat' dir='ltr'>etDee</span> <span class='ocrx_word' id='word_1_601' title='bbox 1883 4973 1981 5049; x_wconf 85' lang='lat' dir='ltr'>grata</span> <span class='ocrx_word' id='word_1_602' title='bbox 1999 4973 2069 5046; x_wconf 87' lang='lat' dir='ltr'>est,</span> <span class='ocrx_word' id='word_1_603' title='bbox 2092 4977 2128 5034; x_wconf 88' lang='lat' dir='ltr'>et</span> 
     </span>
     <span class='ocr_line' id='line_1_47' title="bbox 91 5053 2128 5158; baseline -0 -24"><span class='ocrx_word' id='word_1_604' title='bbox 91 5065 153 5158; x_wconf 85' lang='lat' dir='ltr'>gis</span> <span class='ocrx_word' id='word_1_605' title='bbox 180 5059 324 5146; x_wconf 79' lang='lat' dir='ltr'>rident,</span> <span class='ocrx_word' id='word_1_606' title='bbox 349 5069 481 5152; x_wconf 86' lang='lat' dir='ltr'>quauta</span> <span class='ocrx_word' id='word_1_607' title='bbox 506 5055 617 5126; x_wconf 90' lang='lat' dir='ltr'>moles</span> <span class='ocrx_word' id='word_1_608' title='bbox 639 5055 686 5126; x_wconf 87' lang='lat' dir='ltr'>sit</span> <span class='ocrx_word' id='word_1_609' title='bbox 705 5078 928 5147; x_wconf 79' lang='lat' dir='ltr'>rerumquae</span> <span class='ocrx_word' id='word_1_610' title='bbox 951 5053 1090 5124; x_wconf 81' lang='lat' dir='ltr'>eiccen-</span> <span class='ocrx_word' id='word_1_611' title='bbox 1141 5053 1310 5123; x_wconf 85' lang='lat' dir='ltr'>omnibus</span> <span class='ocrx_word' id='word_1_612' title='bbox 1327 5055 1433 5124; x_wconf 91' lang='lat' dir='ltr'>nobis</span> <span class='ocrx_word' id='word_1_613' title='bbox 1455 5057 1668 5138; x_wconf 85' lang='lat' dir='ltr'>necessaria,</span> <span class='ocrx_word' id='word_1_614' title='bbox 1701 5072 1737 5131; x_wconf 87' lang='lat' dir='ltr'>et</span> <span class='ocrx_word' id='word_1_615' title='bbox 1755 5057 1963 5153; x_wconf 90' lang='lat' dir='ltr'>Principum</span> <span class='ocrx_word' id='word_1_616' title='bbox 1994 5062 2128 5134; x_wconf 84' lang='lat' dir='ltr'>benefl-</span> 
     </span>
     <span class='ocr_line' id='line_1_48' title="bbox 88 5152 2128 5254; baseline -0 -17"><span class='ocrx_word' id='word_1_617' title='bbox 88 5169 167 5240; x_wconf 88' lang='lat' dir='ltr'>dae</span> <span class='ocrx_word' id='word_1_618' title='bbox 191 5173 295 5244; x_wconf 88' lang='lat' dir='ltr'>sunt,</span> <span class='ocrx_word' id='word_1_619' title='bbox 319 5171 354 5230; x_wconf 89' lang='lat' dir='ltr'>et</span> <span class='ocrx_word' id='word_1_620' title='bbox 370 5171 541 5253; x_wconf 89' lang='lat' dir='ltr'>quantum</span> <span class='ocrx_word' id='word_1_621' title='bbox 564 5180 656 5228; x_wconf 85' lang='lat' dir='ltr'>onus</span> <span class='ocrx_word' id='word_1_622' title='bbox 678 5155 920 5248; x_wconf 88' lang='lat' dir='ltr'>sitperapicua</span> <span class='ocrx_word' id='word_1_623' title='bbox 936 5153 1089 5246; x_wconf 86' lang='lat' dir='ltr'>explica·</span> <span class='ocrx_word' id='word_1_624' title='bbox 1141 5155 1291 5225; x_wconf 87' lang='lat' dir='ltr'>centiam</span> <span class='ocrx_word' id='word_1_625' title='bbox 1313 5155 1451 5226; x_wconf 85' lang='lat' dir='ltr'>invitat.</span> <span class='ocrx_word' id='word_1_626' title='bbox 1499 5152 1549 5228; x_wconf 90' lang='lat' dir='ltr'>Et</span> <span class='ocrx_word' id='word_1_627' title='bbox 1570 5159 1734 5230; x_wconf 83' lang='lat' dir='ltr'>videmus</span> <span class='ocrx_word' id='word_1_628' title='bbox 1753 5183 1859 5254; x_wconf 90' lang='lat' dir='ltr'>quem</span> <span class='ocrx_word' id='word_1_629' title='bbox 1880 5163 1986 5234; x_wconf 90' lang='lat' dir='ltr'>multi</span> <span class='ocrx_word' id='word_1_630' title='bbox 2009 5159 2128 5239; x_wconf 84' lang='lat' dir='ltr'>hostes</span> 
     </span>
     <span class='ocr_line' id='line_1_49' title="bbox 86 5253 2128 5354; baseline -0.001 -15"><span class='ocrx_word' id='word_1_631' title='bbox 86 5269 151 5340; x_wconf 92' lang='lat' dir='ltr'>tio</span> <span class='ocrx_word' id='word_1_632' title='bbox 175 5259 376 5334; x_wconf 84' lang='lat' dir='ltr'>difficilium</span> <span class='ocrx_word' id='word_1_633' title='bbox 401 5260 735 5333; x_wconf 87' lang='lat' dir='ltr'>controversiarum.</span> <span class='ocrx_word' id='word_1_634' title='bbox 785 5255 957 5328; x_wconf 87' lang='lat' dir='ltr'>Crescunt</span> <span class='ocrx_word' id='word_1_635' title='bbox 980 5257 1090 5346; x_wconf 83' lang='lat' dir='ltr'>igitur</span> <span class='ocrx_word' id='word_1_636' title='bbox 1141 5253 1502 5349; x_wconf 86' lang='lat' dir='ltr'>undiqueEcelesiarn</span> <span class='ocrx_word' id='word_1_637' title='bbox 1517 5273 1739 5354; x_wconf 86' lang='lat' dir='ltr'>oppugnent:</span> <span class='ocrx_word' id='word_1_638' title='bbox 1764 5257 1946 5336; x_wconf 82' lang='lat' dir='ltr'>Adversus</span> <span class='ocrx_word' id='word_1_639' title='bbox 1960 5260 2026 5336; x_wconf 86' lang='lat' dir='ltr'>hos</span> <span class='ocrx_word' id='word_1_640' title='bbox 2040 5291 2128 5338; x_wconf 90' lang='lat' dir='ltr'>con-</span> 
     </span>
     <span class='ocr_line' id='line_1_50' title="bbox 85 5355 2130 5451; baseline -0.001 -9"><span class='ocrx_word' id='word_1_641' title='bbox 85 5387 131 5444; x_wconf 89' lang='lat' dir='ltr'>et</span> <span class='ocrx_word' id='word_1_642' title='bbox 150 5364 316 5440; x_wconf 83' lang='lat' dir='ltr'>discendi</span> <span class='ocrx_word' id='word_1_643' title='bbox 332 5383 432 5446; x_wconf 84' lang='lat' dir='ltr'>cura,</span> <span class='ocrx_word' id='word_1_644' title='bbox 458 5371 494 5432; x_wconf 91' lang='lat' dir='ltr'>et</span> <span class='ocrx_word' id='word_1_645' title='bbox 509 5359 701 5444; x_wconf 83' lang='lat' dir='ltr'>modestia,</span> <span class='ocrx_word' id='word_1_646' title='bbox 727 5371 761 5432; x_wconf 88' lang='lat' dir='ltr'>et</span> <span class='ocrx_word' id='word_1_647' title='bbox 776 5357 953 5438; x_wconf 86' lang='lat' dir='ltr'>invocatio</span> <span class='ocrx_word' id='word_1_648' title='bbox 971 5355 1050 5430; x_wconf 88' lang='lat' dir='ltr'>Dei.</span> <span class='ocrx_word' id='word_1_649' title='bbox 1141 5358 1322 5428; x_wconf 70' lang='lat' dir='ltr'>inunctione</span> <span class='ocrx_word' id='word_1_650' title='bbox 1339 5358 1441 5428; x_wconf 81' lang='lat' dir='ltr'>nobis</span> <span class='ocrx_word' id='word_1_651' title='bbox 1459 5383 1548 5451; x_wconf 84' lang='lat' dir='ltr'>opus</span> <span class='ocrx_word' id='word_1_652' title='bbox 1562 5375 1624 5436; x_wconf 83' lang='lat' dir='ltr'>eet.</span> <span class='ocrx_word' id='word_1_653' title='bbox 1673 5357 1880 5434; x_wconf 82' lang='lat' dir='ltr'>Bessurioe</span> <span class='ocrx_word' id='word_1_654' title='bbox 1895 5391 1976 5437; x_wconf 91' lang='lat' dir='ltr'>cum</span> <span class='ocrx_word' id='word_1_655' title='bbox 1989 5365 2130 5439; x_wconf 86' lang='lat' dir='ltr'>Princi-</span> 
     </span>
     <span class='ocr_line' id='line_1_51' title="bbox 1140 5457 2127 5560; baseline 0.017 -33"><span class='ocrx_word' id='word_1_656' title='bbox 1140 5479 1202 5550; x_wconf 85' lang='lat' dir='ltr'>pes</span> <span class='ocrx_word' id='word_1_657' title='bbox 1217 5459 1261 5528; x_wconf 87' lang='lat' dir='ltr'>ad</span> <span class='ocrx_word' id='word_1_658' title='bbox 1281 5458 1508 5530; x_wconf 88' lang='lat' dir='ltr'>concordiam</span> <span class='ocrx_word' id='word_1_659' title='bbox 1524 5457 1708 5551; x_wconf 89' lang='lat' dir='ltr'>bortatur,</span> <span class='ocrx_word' id='word_1_660' title='bbox 1720 5475 1761 5536; x_wconf 87' lang='lat' dir='ltr'>ut</span> <span class='ocrx_word' id='word_1_661' title='bbox 1774 5468 1967 5560; x_wconf 86' lang='lat' dir='ltr'>reprimere</span> <span class='ocrx_word' id='word_1_662' title='bbox 1979 5463 2127 5546; x_wconf 73' lang='lat' dir='ltr'>Turres</span> 
     </span>
    </p>
   </div>
   <div class='ocr_carea' id='block_1_3' title="bbox 0 0 2374 6185">
    <p class='ocr_par' dir='ltr' id='par_1_3' title="bbox 0 0 2374 6185">
     <span class='ocr_line' id='line_1_52' title="bbox 0 0 2374 6185; baseline 0 0"><span class='ocrx_word' id='word_1_663' title='bbox 0 0 2374 6185; x_wconf 95' lang='lat' dir='ltr'> </span> 
     </span>
    </p>
   </div>
  </div>
 </body>
</html>
