4748 6180
125 285 171 356 ss
406 243 420 260 “
687 273 1123 357 artsronanuu
1173 277 1280 354 nro.
1313 231 1415 355 rin.
1470 276 1604 362 asar.

2109 281 2160 365 84

120 457 195 518 tuas
216 469 273 512 aas
292 468 346 512 πο
366 445 590 529 moetosptritr
608 448 705 514 im
725 467 817 532 φοι·
837 450 1001 512 ubantes
1023 459 1119 528 meat
1168 452 1241 524 cari
1268 475 1310 524 cx
1331 475 1411 524 meo
1431 453 1573 526 silentio
1601 465 1728 548 potest.
1787 451 1905 529 Taceo
1928 468 1964 530 et
1987 451 2157 549 colaphos

121 539 254 616 nobisque
277 535 449 612 benedicat,
471 537 574 594 Amen.
617 535 746 614 Cosrici,
767 533 819 598 21.
840 533 967 598 Ianuarii
989 531 1081 596 1557.

426 621 486 680 Tui
506 620 538 678 in
559 617 676 680 domim
697 618 805 683 tratres

714 695 860 766 iohannes
880 703 1051 781 wigandus·

715 789 852 854 buchia
872 789 1013 866 illyricus.

716 873 860 934 lohannes
870 873 1093 954 Baumgartner.

718 959 883 1020 blattlsaeus
903 959 1007 1020 ludex.

157 1107 385 1181 lnstmetiones,
412 1123 485 1184 quas
513 1105 667 1166 acbnriss.
689 1107 794 1166 nostris
813 1105 968 1185 iratribus,
996 1105 1115 1185 reliquis

158 1189 307 1250 Ecclesiae
323 1189 583 1269 Mngdeburgensis
604 1193 755 1270 ministris,
785 1203 816 1252 et
837 1192 1013 1270 prudentiss.
1057 1193 1114 1252 Se-

159 1287 230 1335 natu
257 1275 418 1352 habemus,
452 1293 565 1352 coram,
600 1277 648 1338 ubi
676 1277 870 1353 adveneritis,
906 1276 1114 1354 exhibebimus,

160 1359 238 1439 quod
252 1369 284 1420 et
298 1360 363 1420 aliis
375 1358 515 1420 franbus
526 1361 562 1422 ll.
577 1361 613 1420 Τ.
630 1361 759 1422 indicare
773 1363 888 1440 poterit.
911 1361 1020 1422 lterum
1036 1361 1112 1420 nale.

962 1743 1020 1802 tt.
1035 1731 1100 1800 lsn.

947 1828 1108 1852 m

273 1948 549 2040 Melorttlson
579 1955 646 2042 nd
672 1954 798 2048 Post.
829 1959 949 2048 Soa.

180 2105 267 2160 Edita
287 2107 315 2160 in
337 2106 464 2177 Epistolis
484 2111 679 2170 scholasticos.
692 2115 851 2188 Viteberg„
870 2118 898 2174 in
916 2119 984 2176 Mel.
1003 2122 1108 2180 consil.

214 2177 265 2234 tss.
279 2195 296 2230 a
310 2175 419 2230 l’eselio
432 2179 511 2233 editis
531 2181 562 2240 P.
571 2179 605 2235 11.
619 2201 645 2252 p.
655 2185 716 2237 158.
746 2195 773 2238 et
785 2184 813 2240 io
825 2183 1016 2244 llachmeistsri
1031 2193 1107 2248 Actis

219 2245 292 2298 Phili
316 2247 384 2326 picis
405 2263 432 2316 p.
453 2247 498 2302 88.
522 2279 551 2292 ·-
591 2223 728 2306 ttedimos’
745 2255 791 2310 iric
810 2265 911 2311 textum
932 2258 959 2310 in
977 2259 1107 2328 Epistolis

214 2265 433 2400 Seboiaqtscttr„
459 2317 669 2402 quiuPeaeliano
691 2321 778 2376 rrrsrltn
800 2326 894 2389 ,autor
917 2337 972 2400 est,
997 2340 1023 2382 et
1043 2349 1106 2382 cum

217 2403 276 2454 quo
296 2393 377 2436 ettam
398 2403 438 2466 ιιι.
452 2389 577 2459 pluruma
596 2391 730 2442 consentit
748 2391 937 2447 ltaclmsister.
960 2428 988 2438 -
1028 2399 1104 2470 Apo·

233 2451 318 2572 ⁸:alpha
333 2455 501 2508 contulimus
518 2459 544 2508 in
559 2459 621 2511 cod.
635 2457 718 2512 Goth.
738 2460 778 2514 19.
798 2481 822 2532 p.
838 2463 912 2542 11104
930 2463 981 2518 alia
996 2465 1024 2520 in
1044 2469 1105 2549 qod.

286 2541 292 2570 ι
309 2519 330 2573 Ι.
350 2539 375 2592 p.
389 2523 449 2577 203.
467 2543 529 2576 cum
550 2527 613 2580 cod.
627 2526 714 2586 Goth.
734 2528 792 2581 lere
814 2530 914 2599 ubsque
937 2551 1104 2590 contenten-

213 2593 1105 2744 tt:altstatdid'tulititrif'iatdl,litt

213 2737 273 2780 tur.
289 2753 323 2764 -
353 2725 501 2798 Postquam
517 2731 594 2800 legati
609 2729 736 2788 huronici
748 2733 917 2810 thebergam
930 2739 1104 2812 advenerant,

213 2791 426 2849 Metsntbonem
449 2797 475 2851 d.
492 2797 534 2854 21.
555 2800 612 2852 lan.
631 2802 764 2870 aggressi,
782 2805 806 2856 ei
821 2823 1023 2876 proposuerunt
1040 2823 1104 2868 octo

210 2861 357 2916 articulos.
402 2862 469 2944 Quo
491 2867 564 2920 laeto
585 2868 744 2924 Melanthea
767 2872 835 2940 hor,
854 2875 928 2945 quod
945 2877 991 2934 hie
1010 2881 1101 2946 babes,

212 2949 381 3001 responsurus
395 2954 433 2986 sss
446 2935 555 2988 tradidit
568 2941 708 3008 scriptum.

184 3083 248 3156 Ad
265 3081 440 3159 Pasiam
465 3085 715 3165 lz'cclcsinrum
739 3095 1026 3176 Sarmaticarum.

114 3221 277 3302 Primum
302 3261 369 3304 oro
393 3239 504 3305 lilium
529 3239 611 3326 Dci,
638 3241 834 3317 Dominum
861 3243 1021 3322 nostrum
1047 3253 1102 3327 le-

120 3361 187 3406 sum
202 3332 410 3417 Christum,
438 3343 641 3412 criscifisum
658 3370 720 3436 pro
737 3351 839 3420 nobis
858 3368 892 3422 et
914 3358 1099 3428 resuscita-

127 3449 210 3514 tum,
237 3439 301 3530 qui
329 3463 413 3507 vere
435 3441 569 3530 colligit
590 3461 768 3519 aeternam
793 3449 984 3526 Ecclesiam
1017 3485 1099 3528 vnce

123 3533 318 3627 Evangelii,
344 3542 435 3610 utin
454 3537 519 3612 hac
544 3539 708 3618 horribili
730 3555 938 3626 confusione
961 3563 1100 3646 generis

114 3631 253 3708 humani
271 3663 415 3734 semper
429 3643 466 3711 in
487 3639 541 3712 his
557 3651 762 3736 regionibus
777 3667 811 3723 ct
824 3657 966 3748 colligat
982 3676 1012 3729 et
1025 3685 1098 3730 ser-

111 3757 161 3808 sct
175 3737 394 3830 Ecclesiam,
419 3759 452 3816 et
468 3745 584 3840 aliqua
602 3747 747 3824 lsorresta
768 3769 801 3825 et
817 3761 1009 3852 tranquilla
1033 3759 1098 3832 ho-

105 3843 206 3934 spitia
230 3843 390 3932 tribuat,
416 3847 594 3935 etiamst,
620 3867 659 3922 ut
682 3881 788 3948 quarn
814 3859 956 3948 plurimi
985 3887 1096 3934 unum

103 3945 226 4014 sintin
245 3946 340 4036 ipso.
391 3944 530 4018 Deinde
544 3956 674 4038 gratias
690 3981 754 4046 ago
777 3975 810 4029 et
829 3960 956 4053 ipsis¹)
972 3959 1096 4034 Eccle-

100 4047 161 4115 siis
185 4043 572 4148 honestissimarum)
593 4057 795 4146 civitatum,
817 4075 852 4132 et
874 4063 1014 4152 legatis,
1041 4069 1095 4136 vi-

97 4149 146 4217 ris
169 4149 405 4232 reverendis,
436 4153 498 4244 qni
520 4155 577 4245 pie
601 4174 776 4230 currantur
799 4165 945 4236 vulnera
975 4182 1093 4239 nostra

93 4247 285 4344 sanare³).
340 4247 388 4320 Ut
402 4266 519 4321 sutem
535 4279 672 4348 semper
688 4261 874 4350 affirmavi,
898 4291 953 4338 sne
969 4281 1002 4338 et
1022 4295 1094 4340 esse

1168 554 1319 644 accipio:
1343 554 1476 626 interea
1492 557 1632 628 nullum
1648 559 1755 628 linem
1771 557 1907 630 faciunt
1923 559 2157 630 maledicendi

1167 649 1326 726 Florius
1342 671 1377 728 et
1393 650 1547 730 Gallus.
1598 657 1796 732 Incitantur
1819 662 1988 732 adversus
2008 685 2064 734 me
2089 686 2155 732 au·

1167 759 1221 828 lae
1235 770 1271 828 et
1284 759 1439 852 populus
1456 761 1679 832 mirabilibus
1697 762 1875 834 artificiis:
1903 763 2014 852 magis
2035 775 2153 839 autem

1168 860 1476 934 inflammarentur
1507 862 1653 936 dissidia
1679 877 1714 936 et
1744 863 1865 956 plures
1892 865 2155 936 controversiae

1168 975 1414 1050 morerentur,
1446 965 1477 1036 si
1505 968 1768 1057 responderem.
1825 964 1914 1036 Sum
1939 965 2048 1057 igitur
2070 991 2154 1049 usus

1167 1057 1235 1136 hoc
1253 1064 1419 1136 consilio:
1443 1079 1558 1137 tacere
1579 1083 1613 1140 et
1637 1071 1759 1140 cedere
1780 1064 1935 1162 malui⁷)
1959 1093 2066 1162 quarn
2088 1093 2152 1140 an-

1166 1189 1247 1257 gere
1264 1163 1464 1262 publicas⁸)
1487 1168 1682 1240 discordias
1690 1195 1700 1256 ;
1721 1171 1783 1240 sed
1808 1171 1952 1242 iuvante
1973 1167 2051 1240 Deo
2077 1197 2151 1241 non

1166 1269 1281 1342 deerit
1304 1264 1393 1338 milri
1415 1265 1562 1342 honesta
1587 1272 1721 1358 oratio,
1747 1271 1935 1365 siquando
1958 1273 2152 1364 responde·
2183 1311 2198 1326 ·

1164 1371 1225 1444 bo.
1276 1368 1422 1442 lntueor
1444 1372 1549 1444 etiam
1573 1371 1705 1444 iudicia
1723 1377 1964 1466 prudentum,
1991 1372 2054 1466 qui
2078 1399 2153 1444 non

1165 1467 1412 1566 alienantur⁹)
1443 1498 1462 1544 a
1488 1496 1549 1544 'me
1581 1469 1843 1568 sycophantiris
1869 1473 2152 1544 adversariorum

1165 1575 1391 1648 clamoribus.
1449 1571 1618 1669 Aliquam
1642 1576 1855 1648 levationem
1890 1588 1925 1646 et
1955 1571 2042 1647 haec
2073 1601 2152 1666 spes

1165 1671 1253 1746 mihi
1269 1677 1387 1762 affert,
1412 1679 1509 1772 quod
1526 1702 1600 1748 non
1615 1679 1728 1750 multo
1743 1690 1823 1770 post
1839 1701 1880 1748 ex
1896 1677 2096 1749 deterrimis
2106 1674 2148 1771 ¹⁰)

1163 1779 1432 1850 confusionibus
1456 1773 1563 1850 huius
1586 1782 1713 1850 mundi
1734 1781 1772 1850 in
1782 1775 1828 1872 ¹¹)
1851 1775 2045 1850 Ecclesiam
2069 1805 2150 1850 coe·

1162 1882 1283 1950 lestem
1300 1883 1449 1952 ducente
1464 1881 1538 1952 filio
1554 1879 1622 1960 Dei
1637 1883 1831 1964 discedam,
1856 1883 1893 1950 in
1909 1903 1977 1972 qua
1999 1894 2034 1952 et
2048 1895 2148 1952 man-

1162 1982 1321 2074 quillitas
1340 1983 1424 2068 erit,
1450 1997 1484 2054 et
1508 1985 1625 2054 dulcia
1652 1979 1815 2076 erunt¹²)
1840 1981 1957 2054 studia
1981 1983 2147 2056 veritatis.

1161 2083 1272 2174 Spero
1298 2099 1414 2156 autem
1437 2085 1652 2178 posteritatis
1678 2079 1900 2176 eruditae¹’)
1928 2083 2060 2154 iudicia
2087 2109 2147 2159 aar

1160 2185 1284 2277 quiora
1300 2187 1376 2256 sore
1393 2187 1437 2256 de
1454 2188 1542 2256 meis
1555 2187 1749 2256 laboribus.

1264 2287 1438 2360 Usitatum
1457 2301 1664 2372 astantem,
1686 2284 1839 2358 arbitros
1860 2285 1953 2354 serre
1969 2286 2147 2360 conditio-

1160 2416 1231 2462 nes.
1283 2387 1366 2458 ldeo
1385 2390 1623 2458 areverendis
1645 2387 1751 2474 viris,
1778 2386 1839 2478 qui
1860 2385 1986 2454 tollere
2009 2401 2146 2471 nostras

1157 2492 1414 2564 controversias
1430 2505 1622 2576 conantur,
1637 2503 1780 2582 expecto
1794 2486 2028 2560 conditiones.
2054 2487 2145 2558 Nam

1158 2596 1255 2676 illas,
1280 2617 1368 2688 quas
1383 2589 1473 2662 mibi
1485 2585 1644 2662 Flauius
1658 2593 1740 2664 tulit
1757 2591 1796 2660 in
1813 2587 1943 2678 scripto
1959 2601 2144 2676 contume-

1158 2697 1266 2780 lioso,
1290 2699 1384 2788 quod
1403 2719 1498 2764 anno
1513 2695 1676 2788 proximo
1691 2693 1821 2776 edidit,
1836 2713 1901 2759 cur
1915 2689 2071 2779 accipere
2087 2716 2144 2760 re-

1156 2821 1274 2868 cusem
1296 2798 1404 2866 iustas
1427 2791 1541 2868 habeo
1557 2817 1688 2868 causas.
1740 2792 1902 2864 Postulat
1920 2792 2032 2863 molta
2055 2794 2142 2864 falsa

1155 2899 1401 2992 comprobari,
1435 2912 1469 2968 et
1494 2893 1670 2991 miscet¹⁴)
1697 2897 1811 2966 aliena
1841 2894 1991 2982 negotia.
2050 2891 2141 2962 Cum

1154 3016 1272 3072 autern
1296 3002 1406 3070 velint
1427 3000 1570 3082 arbitri,
1597 3011 1632 3068 ct
1654 3022 1712 3068 me
1734 2995 1921 3070 ostendere
1938 2993 2031 3062 viam
2054 3019 2141 3064 cou-

1154 3105 1314 3186 cordiae,
1334 3097 1508 3194 iudico¹⁸)
1529 3101 1684 3194 primum
1701 3097 1864 3169 omniurn
1889 3116 2027 3166 necesse
2054 3119 2139 3176 esse,

1153 3220 1194 3276 ut
1212 3208 1256 3276 de
1278 3218 1352 3278 toto
1377 3227 1524 3296 corpore
1544 3201 1727 3273 doctrinae
1750 3202 1925 3270 internos
1942 3199 2141 3281 conveniat,

1152 3321 1186 3378 et
1220 3307 1340 3378 absint
1373 3320 1507 3376 astutae
1539 3303 1801 3378 occultationes.
1864 3296 1963 3386 Quid
1995 3300 2140 3392 prodest

1152 3433 1248 3478 nunc
1258 3405 1303 3502 ¹⁶)
1319 3412 1363 3478 de
1380 3402 1586 3500 adiaphoris
1601 3427 1721 3497 pacem
1740 3401 1841 3474 fleri?
1867 3401 1896 3468 si
1915 3413 2034 3494 postca
2061 3401 2138 3470 vult

1152 3511 1314 3580 rnaterias
1329 3533 1489 3594 movere,
1514 3507 1701 3602 dequibus
1717 3505 1812 3576 rixae
1836 3497 1999 3593 erunt²⁷)
2024 3503 2136 3572 multo

1151 3611 1436 3700 periculosiores,
1468 3624 1508 3680 ut
1530 3611 1766 3702 lacturnmvse
1799 3601 1977 3674 ostendit?
2028 3599 2136 3672 Corn-

1150 3713 1325 3801 plectendi
1341 3727 1425 3782 sunt
1439 3713 1545 3782 etiam
1558 3705 1605 3804 ¹⁸)
1620 3709 1730 3792 socii,
1757 3707 1819 3801 qui
1841 3701 2016 3774 rabiosius
2039 3705 2136 3772 voci-

1147 3815 1308 3882 ferantur
1329 3837 1436 3906 quam
1459 3813 1552 3904 ipse,
1583 3825 1618 3880 et
1643 3823 1786 3878 movent
1808 3803 2032 3900 quaestiones
2054 3825 2135 3894 gra-

1147 3913 1273 3988 viores.
1336 3913 1528 4008 Nunquam
1556 3907 1673 3982 adhuc
1697 3903 1856 3980 Florius
1880 3907 1970 3978 dixit
1993 3905 2038 3974 de
2060 3915 2134 3976 toto

1146 4041 1294 4108 corpore
1318 4017 1500 4086 doctrinae
1524 4013 1610 4110 quid
1630 4011 1776 4098 sentiat3
1803 4007 1959 4100 excerpit
1977 4019 2011 4076 et
2034 4005 2133 4078 labe-

1145 4119 1251 4188 factat
1279 4121 1452 4212 quaedam
1481 4117 1520 4186 in
1544 4115 1693 4200 nostris,
1732 4115 1795 4186 ubi
1821 4105 2132 4202 reprehensionem

1146 4220 1242 4298 videt
1263 4243 1327 4290 suo
1349 4215 1487 4292 theatro
1503 4231 1638 4309 gratam
1653 4239 1739 4288 esse.
1789 4213 1843 4284 De
1857 4211 1935 4284 aliis
1950 4221 2061 4280 astute
2079 4223 2131 4280 ta-

91 4365 123 4422 ct
138 4349 225 4422 Deo
241 4353 390 4420 iuvante
412 4359 729 4458 permansurum⁴)
751 4361 866 4462 esse‘)
892 4369 1004 4438 civem
1030 4367 1094 4442 ha-
1143 4409 1362 4426 ·-----

88 4477 172 4524 nrm
184 4449 452 4538 Ecclesiamnt,
477 4455 525 4526 ita
543 4459 684 4532 iudiciis
699 4489 820 4536 earum
838 4494 894 4538 rne
911 4465 992 4566 δ’)
1008 4475 1091 4545 sub-

89 4556 158 4624 ieci
176 4567 216 4622 et
231 4553 398 4628 sublicio.
448 4551 497 4628 Et
515 4559 544 4632 si
566 4557 728 4636 Pastores
755 4569 875 4642 volent
898 4597 972 4644 esse
995 4576 1091 4644 arbi-

87 4657 157 4740 tri,
188 4680 270 4724 non
287 4655 489 4726 detrectabo
506 4684 628 4732 eorum
653 4669 887 4745 autoritatem.
939 4669 1002 4744 Me
1027 4699 1090 4744 au-

84 4773 161 4828 tem
190 4757 366 4848 cupidum
393 4779 467 4828 esse
494 4765 761 4862 tranquillitatis
785 4772 967 4862 publicas,
991 4776 1088 4845 iudi-

117 4999 152 5056 ¹l
175 5001 211 5044 et
225 4995 307 5060 msr's]
326 5011 383 5047 non
399 4990 478 5052 habet
491 4997 579 5058 Pesel.

119 5081 155 5140 2)
180 5074 296 5128 ttsctm.
309 5079 528 5138 isonestt'sss’stss's.

120 5163 152 5228 5)
178 5161 248 5214 Pes.
266 5179 378 5216 curare.

119 5251 153 5312 4)
179 5243 246 5296 l’cs.
262 5253 287 5296 et
302 5243 414 5300 lisclsn.
432 5267 621 5310 rnonsuram.

121 5329 158 5396 5)
185 5333 261 5394 esse]
280 5326 378 5378 eccidit
392 5333 463 5398 apud
479 5333 541 5390 Pes.

120 5417 162 5478 6)
188 5415 230 5474 ιι)
247 5428 305 5464 non
323 5409 404 5466 babet
419 5415 481 5470 Per.

84 5513 279 5576 Marassa.
295 5505 403 5572 Ocra.
438 5513 517 5578 l'on.
533 5517 593 5582 ΙΧ.

1177 4520 1206 4590 7)
1226 4515 1338 4573 Barim.
1357 4525 1389 4570 ue
1400 4527 1496 4572 taem
1511 4524 1540 4570 st
1552 4513 1777 4571 seders'mad'm.

1177 4602 1205 4671 8)
1226 4603 1297 4659 eoa.
1311 4599 1393 4658 Goth.
1410 4603 1536 4666 publices
1549 4601 1740 4655 warentem
1753 4607 1788 4648 et.

1177 4687 1210 4756 9)
1228 4687 1298 4743 cot.
1313 4683 1618 4742 6ο11.οδσ11ηιιιιιιιιν.

1179 4773 1223 4839 10)
1242 4768 1356 4826 Bsehm.
1373 4767 1540 4834 teterrirrst'ss
1556 4773 1619 4826 res.
1635 4769 1688 4822 his·

1179 4857 1225 4918 11)
1243 4855 1286 4924 ιἰι]
1306 4852 1370 4908 Pes,
1386 4857 1438 4908 od.

1179 4943 1225 5010 tt)
1242 4939 1338 4996 dulcio
1355 4942 1453 5006 erunt]
1470 4954 1527 4992 non
1541 4935 1620 4992 babet
1633 4929 1747 4988 iisclm.

1179 5025 1222 5096 tt)
1240 5028 1380 5094 namtas]
1396 5023 1572 5096 praetermisit
1583 5017 1647 5076 eod.
1661 5017 1747 5074 Goth.
1874 5089 1880 5099 Ι

1181 5113 1222 5182 ll)
1242 5112 1311 5166 cod.
1325 5109 1408 5164 Goth.
1424 5109 1572 5162 s‘srsms‘sset.

1179 5201 1223 5266 15)
1240 5195 1352 5252 Bsckrn.
1368 5197 1483 5256 iuds‘ss'en
1503 5191 1566 5245 Pes.
1581 5187 1675 5247 rideo.

1179 5285 1228 5358 16)
1244 5283 1331 5352 num]
1350 5278 1461 5336 Bsckm.
1475 5283 1502 5331 ct
1513 5275 1575 5332 ωδ.
1591 5271 1674 5330 Gau.
1686 5280 1794 5326 autem.

1180 5371 1222 5438 17)
1243 5369 1313 5424 coa.
1326 5365 1415 5422 Gotb.
1427 5363 1635 5418 suborirentur.

1178 5457 1221 5524 18)
1239 5457 1339 5517 elsam]
1357 5451 1418 5508 Pes.
1437 5451 1505 5504 eiras.
