4754 6184
87 375 162 452 509
643 355 1087 445 uetsuonnntttn

84 549 177 622 Nam
195 561 231 620 et
249 545 361 618 virtus
376 535 542 640 Micyttt
562 553 596 614 et
613 541 767 614 eruditio
789 535 859 610 luit
877 531 1023 619 eximia,
1048 541 1082 600 et

85 653 228 723 labores
248 649 324 720 eius
339 645 518 720 Ecclesiae
539 646 764 739 profuerunt.
814 639 902 713 Misi
923 658 1021 707 nunc
1042 633 1081 702 in

85 751 317 826 Academiam
348 774 446 822 meac
476 748 612 842 patriae
643 747 824 816 doctorem
854 735 1082 826 Theologiae,

86 855 205 926 virum
223 851 402 924 emditum
417 865 451 923 et
466 844 676 934 honestum,
699 841 966 918 Tilemannnm
983 834 1079 908 Hcs-

85 950 255 1040 ltnsiam,
287 977 393 1048 quem
423 975 547 1046 spero,
581 948 660 1021 Deo
694 948 855 1032 iuvante,
887 955 981 1012 recte
1014 961 1079 1030 gu-

83 1061 317 1132 bernaturum
344 1077 418 1126 esse
450 1053 568 1126 studia
594 1049 777 1122 doctrinae
801 1041 1077 1118 Ecclesiasticae.

82 1157 298 1252 Exemplum
321 1180 418 1233 meac
439 1153 680 1247 responsionis
702 1163 825 1222 contra
848 1135 1077 1242 Staphylnm

84 1263 155 1333 tibi
175 1263 278 1332 mitto
293 1253 338 1354 ¹),
366 1281 473 1352 quam
498 1257 617 1348 legens
632 1249 835 1346 deplorabis
851 1271 990 1317 mecum
1008 1241 1078 1315 Ec-

84 1364 210 1436 clesiae
222 1383 431 1445 aerumnas,
453 1358 610 1452 quicum
626 1369 698 1428 tam
712 1353 842 1426 multos
859 1363 994 1421 exteros
1009 1341 1077 1418 ho-

83 1481 155 1538 stes
177 1459 388 1546 habeamus,
418 1485 493 1532 non
516 1458 650 1531 maiore
674 1481 759 1528 cura
789 1449 1076 1526 coniunctionem

84 1581 244 1638 nostram
262 1577 415 1635 tuemur.
456 1559 511 1632 Te
525 1584 656 1656 quaeso
671 1573 712 1631 ut
726 1551 817 1628 mibi
831 1553 1003 1644 significes
1020 1549 1076 1622 iu-

87 1669 179 1742 dicia
204 1681 403 1740 vestrorum
437 1665 483 1732 de
515 1687 594 1732 mea
628 1658 873 1752 responsione.
923 1651 1075 1725 Carmen

89 1773 191 1842 mam
211 1763 295 1863 aspi
312 1759 482 1861 χαρίτων
494 1766 618 1849 mitto,
643 1759 706 1835 seni
727 1755 906 1862 ιύξαξμην
921 1749 1078 1834 πολλοὺς

84 1865 259 1945 σπένδειν
284 1863 458 1964 χάρισιν,
492 1879 533 1938 ut
563 1859 676 1935 Plato
703 1865 843 1933 dicebat
867 1853 1076 1930 Xenocrati.

79 1973 182 2046 Bene
196 1973 292 2057 vale,
318 1983 352 2042 ct
366 1969 532 2045 rescribe.
583 1967 649 2040 ffie
664 1963 800 2039 xxvi.
815 1958 942 2033 Martii
958 1954 1001 2055 ²).

824 2075 1025 2172 Philippus.

909 2441 968 2504 29.
985 2433 1077 2500 Mart.

911 2530 1076 2566 &md

75 2443 149 2516 No.
163 2437 278 2514 6487.

82 2535 263 2568 Μ

353 2617 507 2706 ΙοιιιῙι.
537 2617 817 2710 damnaria.

148 2783 238 2858 Epist.
250 2783 284 2842 sd
297 2783 407 2839 cause.
425 2797 455 2853 p.
466 2780 519 2838 786
529 2801 573 2856 sq·
590 2779 648 2852 (ed.
661 2777 754 2836 Laod.
772 2777 820 2837 lib.
833 2775 881 2834 tt'.
899 2793 942 2850 ep.
956 2775 1041 2846 8⁸2).

79 2941 309 3022 Clarissimo
330 2939 408 3034 viro
431 2935 635 3014 eruditione
655 2947 688 3010 et
714 2935 845 3010 virtute
865 2932 1079 3036 praestanti

175 3037 337 3122 tonet.
363 3037 538 3120 Cancer.
553 3039 682 3142 fratri
693 3065 762 3114 suo
779 3037 986 3127 carissimo,

89 3181 137 3266 S.
159 3197 202 3270 n.
253 3195 370 3267 Lectis
391 3193 517 3266 litteris
537 3192 605 3262 lilii
621 3191 693 3274 tui,
717 3213 807 3286 quae
829 3185 1026 3280 significant
1041 3199 1076 3259 te

87 3319 166 3365 non
187 3313 273 3371 reete
295 3299 429 3384 valere,
461 3307 496 3366 ct
527 3317 590 3386 ego
611 3305 645 3364 et
667 3287 823 3388 gener')
847 3293 951 3362 valde
975 3293 1019 3360 de
1041 3306 1075 3362 te

80 3397 214 3470 soliciti
235 3421 310 3471 esse
329 3399 527 3494 caepimus,
551 3421 592 3466 ac
615 3395 770 3490 primum
794 3393 938 3488 quidem
958 3391 1072 3462 Deum

76 3499 176 3571 vitae
196 3503 329 3572 iontem
352 3519 554 3593 precamur,
579 3509 619 3568 ut
641 3509 674 3566 te
695 3508 729 3566 et
751 3495 859 3568 totaim
879 3491 1072 3564 Ecclesiam

75 3615 179 3674 tuam
192 3603 422 3676 domesticam
436 3611 561 3685 servet,
584 3609 620 3668 et
633 3597 736 3667 vobis
748 3595 917 3667 omnibus
934 3594 1073 3664 animo-

73 3731 158 3777 rum
184 3719 423 3796 etcorporum
447 3701 539 3771 vires
562 3701 758 3772 confirmet.
807 3695 898 3768 Nam
923 3719 979 3765 res
997 3694 1072 3788 ipsa

74 3807 261 3904 loquitur,
286 3831 352 3876 nos
376 3828 450 3875 non
473 3814 610 3874 tantum
633 3795 789 3896 physicis
808 3797 922 3868 causis
941 3797 1072 3868 vivere.

72 3905 124 3981 Et
137 3911 209 3980 scis
223 3908 392 4000 scriptum
407 3929 481 3976 esse
497 3907 541 3974 de
557 3905 656 3984 Deo,
681 3903 756 3994 ipse
777 3915 829 3971 est
843 3899 915 3970 vita
931 3911 1012 3980 tua,
1039 3911 1072 3967 et

72 4011 268 4102 longitudo
283 4011 422 4079 dierum
437 4021 592 4080 tuomm.
644 4003 716 4074 Nec
732 4015 851 4074 tamen
876 4004 965 4072 ordo
981 3995 1073 4095 phy-

72 4113 173 4186 sicus
197 4111 429 4204 negligendus
453 4121 516 4181 est.
569 4105 752 4178 Genemm
775 4105 819 4176 ad
843 4116 880 4175 te
903 4101 1072 4195 expatiari

71 4215 230 4300 iubebo,
255 4213 320 4284 etsi
340 4213 405 4283 filii
421 4202 606 4308 Casparis
621 4210 769 4279 morbus
783 4200 900 4278 adhuc
915 4229 995 4276 cum
1015 4227 1072 4273 re-

69 4319 182 4392 tinet·
223 4311 300 4407 Ego
314 4313 379 4386 etsi
397 4312 513 4407 operis
529 4311 697 4392 retineor,
722 4322 853 4390 tamen,
878 4307 947 4378 nisi
961 4305 1072 4391 signi-

69 4419 200 4492 ficabis
218 4429 254 4488 te
275 4417 405 4487 rectius
417 4414 555 4495 valere,
582 4414 712 4482 advos
736 4433 932 4483 mennam.
981 4405 1072 4478 Heri

68 4521 234 4615 primum
249 4519 340 4590 redii
355 4519 522 4602 domum,
547 4539 628 4585 cum
646 4529 680 4585 et
691 4511 875 4604 Baptismo
889 4509 954 4580 lilii
971 4531 1072 4602 prae·

67 4623 159 4696 lecti
170 4617 369 4708 Belcsnsis,
385 4633 420 4690 et
434 4617 594 4708 coniugis
611 4637 803 4710 puerperae
815 4613 932 4684 itineri
948 4611 1071 4682 allois-

67 4749 170 4808 sem,
202 4747 294 4818 quae
324 4723 486 4792 nondum
521 4740 656 4809 egressa
679 4717 748 4788 luit
770 4739 904 4786 annom
928 4711 1071 4788 thtt.

68 4827 321 4919 Agnoscamus
336 4847 402 4894 nos
417 4819 581 4892 immines
595 4841 682 4891 esse.
728 4816 814 4888 Post
827 4817 978 4886 biduum
995 4813 1071 4882 dies

66 4929 205 5000 mortis
225 4927 291 4997 erit
306 4923 517 5019 Hieronymi
536 4919 799 5003 Stridonensis,
822 4919 885 5012 qni
904 4917 1020 5008 primo
1036 4927 1070 4984 et

65 5029 315 5122 Normgesisno
328 5051 424 5098 auno
437 5024 560 5100 aetatis
574 5045 658 5096 suae
670 5035 833 5092 mortuus
843 5033 894 5090 est
909 5019 948 5089 in
957 5012 1070 5090 Beth-

64 5195 288 5218 ,μῦ-ι-

105 5303 136 5372 1)
154 5297 309 5376 stupendo
320 5299 355 5356 sel
365 5295 569 5356 criminationes
580 5294 704 5370 staphyli
716 5301 746 5350 et
757 5291 831 5350 'seta
852 5288 945 5346 vttet.
958 5288 1033 5350 1858.
1043 5290 1072 5350 l.

100 5391 132 5460 1)
152 5389 236 5444 Αιιιο
252 5387 326 5444 lit&
340 5383 443 5442 addidit
456 5382 589 5452 Peucen,
606 5385 653 5438 sed
669 5383 702 5436 st
716 5393 822 5454 autogr.
835 5397 926 5434 annus
937 5375 1023 5432 abest.

97 5471 288 5600 ‘’xm-⁸
311 5469 468 5542 lindioqer,
498 5469 543 5542 qui
568 5487 593 5526 s.
617 5467 692 5528 1557.
711 5486 740 5524 se
759 5463 914 5524 contulerat
935 5463 964 5519 iu
984 5459 1071 5530 And·

1137 355 1249 437 LlB.
1274 355 1378 438 lllll.
1432 355 1561 438 tosa.

1135 525 1269 619 lehem,
1294 529 1352 600 vir
1371 529 1463 602 bene
1485 531 1632 604 meritus
1657 536 1701 608 de
1713 531 1888 625 Ecclesia,
1915 553 1949 611 et
1964 565 2006 612 eo
2022 545 2127 617 etiam

1134 633 1236 719 felix,
1261 657 1352 728 quae
1369 645 1542 704 senectam
1568 629 1711 724 babuit,
1737 641 1795 710 sed
1821 642 1946 733 procul
1967 648 2128 738 epatris,

1133 736 1376 830 tranquillam.
1433 733 1507 806 Nos
1530 735 1626 807 inter
1646 765 1734 836 quas
1757 737 1926 814 echidnas
1949 747 2130 818 vivimus?

1133 839 1193 906 sed
1210 837 1499 908 commendemus
1513 861 1579 910 nos
1591 835 1681 916 Deo.
1722 841 1819 916 Bene
1837 845 1926 933 vale,
1951 861 1985 920 et
1999 849 2127 922 rescri-

1133 939 1196 1022 be,
1225 937 1290 1016 lll.
1308 935 1385 1015 Cal.
1402 935 1520 1032 April.

1875 1043 2075 1146 Philippus.

1885 1259 1902 1268 u
1906 1249 2123 1272 ...adm-m...-

1143 1375 1209 1448 No.
1224 1375 1340 1452 6488.

1138 1474 1352 1516 m
1775 1397 1834 1462 81.
1849 1387 1939 1462 Men.
1954 1391 2123 1478 (Lipsius.)

1767 1486 2101 1529 Μ

1438 1563 1508 1654 Io.
1539 1563 1806 1654 Matthesio.

1196 1721 1282 1800 epac
1299 1721 1348 1782 ιιι.
1362 1721 1396 1780 ιι.
1414 1741 1442 1796 ρ.
1456 1722 1500 1780 ιι.
1518 1721 1574 1794 (ss.
1590 1723 1682 1782 nona.
1700 1723 1750 1782 ιιι..
1763 1721 1798 1782 ιι.
1816 1744 1860 1800 φ.
1874 1726 1938 1797 son

1332 1861 1389 1943 D.
1407 1857 1624 1938 Iohanni
1647 1861 1920 1940 Matthesio

1130 1983 1180 2072 S·
1196 1997 1242 2070 D.
1269 1995 1479 2071 Reverendo
1493 2000 1550 2072 vir
1560 2014 1596 2073 et
1610 1997 1814 2074 charissime
1828 2002 1948 2086 irater,
1961 1992 2123 2100 Lipsiae

1132 2117 1209 2172 tuas
1223 2101 1344 2170 literas
1359 2103 1489 2193 accepi,
1513 2103 1552 2172 in
1567 2103 1698 2198 quihus
1714 2102 1840 2174 scribis
1854 2105 1900 2174 de
1915 2118 2030 2174 vestro
2046 2105 2122 2176 cive

1130 2204 1194 2297 qni
1208 2204 1339 2274 abesto
1358 2204 1508 2292 coniuge
1522 2227 1606 2289 sua,
1628 2219 1793 2276 ettamen
1816 2205 1951 2276 interea
1973 2208 2018 2276 ad
2043 2229 2125 2276 ιοο-

1132 2328 1214 2376 nam
1229 2303 1378 2376 Domini
1393 2303 1555 2390 accessit,
1580 2306 1727 2396 decepto
1744 2307 1908 2378 ministro
1923 2303 2124 2396 Evangelii.

1130 2405 1266 2480 Censeo
1288 2429 1386 2478 nnuc
1406 2429 1549 2499 qnoque
1570 2406 1761 2478 dicendum
1783 2431 1856 2478 esse
1877 2407 1932 2478 illi
1957 2407 2025 2500 ipsi
2047 2434 2123 2494 ceo,

1131 2533 1176 2580 ne
1199 2507 1365 2600 deinceps
1388 2519 1578 2602 antequam
1602 2509 1706 2578 uxori
1734 2509 1982 2581 reconciliatus
2003 2509 2124 2594 fuerit,

1130 2612 1175 2682 ad
1200 2634 1346 2682 coenam
1365 2607 1513 2682 Domini
1537 2613 1695 2697 accedat;
1724 2623 1867 2682 suntet
1891 2609 2043 2682 Diacoui
2068 2613 2139 2702 tui,

1130 2713 1366 2798 admonendi,
1399 2735 1556 2784 nasum
1585 2713 1788 2784 admittant.
1846 2711 1965 2784 Poena
2002 2727 2120 2786 autem

1130 2814 1260 2909 prioris
1274 2815 1357 2886 facti
1374 2815 1560 2885 differatur
1579 2819 1692 2886 donec
1710 2815 1928 2907 praeterierit
1943 2815 2019 2886 dies
2033 2840 2122 2888 con-

1129 2917 1249 2990 stituta
1272 2916 1554 2990 reconciliationi
1578 2939 1661 2988 cum
1679 2917 1846 3007 coniuge..
1891 2915 1930 2988 Si
1946 2917 2120 2988 dissensio

1129 3043 1203 3090 non
1224 3019 1371 3092 tollatur
1393 3031 1475 3112 post
1494 3019 1775 3093 admonitionem
1800 3018 2033 3111 privationis,
2055 3041 2121 3111 pa·

1127 3121 1200 3192 lam
1221 3121 1421 3214 pronuncia
1444 3121 1613 3192 adversus
1639 3146 1721 3192 eum
1747 3120 1957 3192 sententiam
1980 3145 2122 3194 excom·

1129 3223 1401 3294 municationis:
1424 3221 1490 3296 Sin
1509 3235 1626 3294 autem
1644 3223 1751 3294 luerit
1769 3224 2017 3298 reconciliatus
2032 3247 2122 3294 uxo·

1129 3325 1178 3409 ri,
1203 3337 1299 3417 petat
1319 3349 1340 3396 a
1362 3339 1397 3398 te
1418 3325 1548 3416 prioris
1569 3325 1652 3396 iacti
1673 3324 1835 3410 veniam,
1860 3327 1955 3420 quod
1980 3327 2123 3420 publice

1127 3426 1374 3510 herivallem,
1407 3439 1443 3496 et
1464 3427 1594 3498 deinde
1622 3451 1643 3498 a
1671 3439 1706 3497 te
1730 3427 1873 3518 publice
1902 3429 2123 3500 absolvatur.

1127 3525 1209 3598 Non
1224 3528 1352 3598 vellem
1366 3528 1451 3598 addi
1467 3551 1488 3600 a
1503 3529 1636 3600 Senatu
1654 3552 1802 3619 poenam
1820 3541 1899 3621 post
1918 3530 2047 3600 iactam
2063 3553 2121 3598 re-

1127 3629 1424 3704 conciliationem.
1475 3629 1573 3700 Deus
1596 3633 1771 3719 gubernet
1794 3643 1830 3700 et
1857 3641 2016 3721 protegat
2041 3653 2119 3704 nos.

1126 3723 1303 3824 Lipsiam
1326 3743 1471 3802 vocatus
1497 3730 1551 3800 sui
1574 3733 1618 3800 ad
1644 3753 1789 3802 examen
1812 3725 2120 3819 scholasticorum,

1126 3833 1258 3928 quibus
1291 3835 1425 3904 dantur
1457 3831 1646 3923 stipendia.
1697 3831 1737 3903 ld
1771 3831 1932 3923 significo
1959 3835 2118 3928 nequid

1126 3937 1222 4006 aliud
1244 3935 1444 4028 suspiceris.
1494 3931 1632 4006 Eodem
1656 3948 1774 4006 autem
1796 3950 1954 4029 tempore
1975 3931 2045 4006 buc
2061 3959 2120 4006 re·

1126 4037 1269 4107 dierunt
1288 4037 1482 4106 consiliarii
1496 4035 1673 4127 Principis
1693 4039 1818 4122 nentri,
1843 4039 1906 4132 qni
1926 4051 2120 4108 narrarunt

1123 4131 1481 4239 Francosordiensis
1504 4136 1710 4208 Conventus
1726 4133 1765 4235 ')
1785 4151 1874 4212 acta.
1925 4139 1981 4212 Dc
1995 4137 2121 4210 ttects-

1124 4241 1272 4312 siasticis
1291 4241 1541 4314 controversiis
1564 4241 1676 4310 nostri
1693 4240 1800 4311 etiam
1815 4241 1929 4334 capita
1944 4245 2119 4336 quaedam

1124 4343 1360 4434 scripserunt,
1393 4343 1525 4438 quibus
1556 4343 1698 4414 additae
1726 4357 1811 4414 sunt
1841 4344 2119 4434 subscriptiones

1122 4437 1302 4514 Palatini
1332 4441 1526 4528 Electoris,
1559 4439 1670 4514 Ducis
1702 4441 1898 4514 Saxoniae
1930 4441 2119 4530 Electoris,

1122 4539 1368 4618 Marcdionis
1385 4543 1581 4626 Electoris,
1607 4545 1715 4620 Ducis
1728 4539 1918 4615 Friderici
1930 4539 2119 4630 Palatini,

1121 4637 1233 4719 Ducis
1254 4643 1591 4744 Wartedergenss's,
1616 4641 1864 4740 landgravii
1876 4639 2119 4718 Marcdionis

1121 4745 1325 4824 Badensis.
1373 4747 1422 4821 Et
1443 4767 1582 4841 petetur
1603 4775 1624 4822 a
1648 4750 1793 4820 caeteris
1817 4749 2048 4844 subscriptio,
2080 4761 2121 4822 nt

1121 4873 1315 4924 consensus
1336 4853 1585 4926 constituatur.
1635 4847 1811 4922 Existimo
1833 4853 2118 4923 contradicturos

1122 4979 1196 5028 esse
1207 4947 1296 5036 τούς
1309 4949 1524 5049 βλακικούς,
1550 4954 1610 5022 sed
1623 4937 1671 5022 de
1688 4946 1754 5022 bac
1772 4975 1811 5022 re
1825 4953 1978 5024 scribam
1995 4951 2120 5044 copio-

1121 5059 1214 5142 sius,
1238 5053 1319 5126 carin
1339 5060 1486 5126 domum
1512 5055 1670 5136 rediero,
1696 5067 1729 5122 et
1752 5053 1951 5144 exemplum
1979 5057 2118 5125 mittam

1121 5143 1478 5258 Francosordianae
1507 5154 1787 5230 deliberationis.
1854 5153 1953 5228 Bene
1981 5157 2059 5228 vale
2084 5170 2121 5228 et

1124 5307 1344 5326 W

1153 5391 1187 5462 Ι)
1205 5387 1270 5444 rute
1284 5389 1398 5443 ineunte
1410 5385 1513 5440 Martio
1530 5383 1605 5442 1858.
1641 5383 1703 5470 Vid.
1717 5383 1806 5470 ὃσὸς.
1820 5385 1847 5470 l'·
1868 5385 1929 5443 bist.
1945 5387 2016 5460 Anq.
2034 5385 2118 5468 cosi.

1190 5458 1237 5514 ΙΙΙ.
1256 5479 1283 5528 p.
1297 5457 1358 5540 818.
1377 5469 1403 5510 et
1422 5477 1449 5523 p.
1461 5455 1514 5509 888
1533 5471 1590 5576 sqq.
1635 5455 1772 5524 &raptum
1796 5454 1898 5511 tbtdern
1919 5459 1947 5516 d.
1966 5459 2004 5512 ttt.
2027 5455 2120 5512 Mertai

1187 5528 1294 5582 lactum
1310 5527 1370 5581 esde
1385 5543 1467 5597 supra
1482 5525 1512 5578 d.
1528 5527 1538 5576 l
1561 5521 1664 5580 Adest.
1680 5523 1707 5578 Ιι.
1721 5539 1745 5582 a.
