4718 6176
205 261 256 344 sa
763 249 1202 338 nrrsrotaauu
1251 251 1359 374 oto.
1390 255 1494 342 xm.
1548 257 1682 340 rosv.
2192 251 2245 334 ss

207 435 339 514 addere
361 433 516 510 intimis
542 447 665 509 contra
691 425 844 510 terrores
869 427 905 507 et
929 433 1122 530 supplicia,
1162 447 1197 505 et
1248 428 1489 529 praedicari')
1511 434 1767 528 poeniteutiam
1789 445 1824 505 et
1837 422 2092 531 'remissiddetn
2113 451 2241 522 pecca·

208 542 442 636 praesentiam
472 563 576 610 auam
607 537 852 630 multipliciter
881 539 1051 625 declarat3
1092 535 1197 608 sicuti
1249 548 1368 606 torum
1391 535 1431 604 io
1453 537 1601 606 nornine
1623 561 1702 612 sno.
1752 534 1810 608 Ad
1832 532 1929 606 hunc
1944 557 2049 604 usum
2066 533 2243 604 reseratur

209 643 315 715 multi
343 643 385 712 iu
415 641 502 734 ipsis
524 641 708 734 suppliciis
729 640 929 710 excitarunt
951 651 1131 717 mortuos.
1163 651 1199 710 et
1248 637 1433 723 doctrina,
1469 653 1511 710 ut
1539 653 1696 710 mearant
1717 638 1758 709 in
1776 638 1883 709 nobis
1906 637 2119 726 cogitatione
2139 632 2243 704 verbi

211 747 298 817 alias
318 767 375 814 res
389 744 501 816 miras
522 743 730 814 effecerunt:
759 741 902 813 Deinde
921 741 1006 836 quia
1026 741 1198 813 celsitudo
1249 736 1319 812 Dei
1332 737 1568 826 Paenitentia,
1590 737 1712 826 Fides,
1738 739 1931 820 laceratio,
1954 737 2054 808 Nava
2068 735 2246 806 obedien·-

212 847 413 918 animorum
433 846 472 916 in
490 839 568 931 his,
597 845 659 939 qui
674 843 846 935 supplicia
862 845 998 936 placide
1014 843 1200 926 sustinent,
1251 841 1310 922 tio,
1337 841 1584 914 etceleheetur
1597 840 1695 913 Dens
1706 843 1799 912 veris
1813 842 1957 926 officiis,
1975 831 2245 913 ivmtadictum:

213 949 369 1020 ostendit
382 943 618 1034 Evangelium
631 945 750 1017 efficax
765 967 839 1015 esse
852 946 891 1015 in
908 945 1006 1038 ipsis,
1028 957 1064 1014 et
1080 967 1199 1014 umen
1253 942 1370 1013 Milita
1394 944 1527 1014 ‘bonam
1540 944 1731 1025 ¹militiam,
1759 939 1917 1015 retinens
1935 943 2040 1011 tidem
2057 954 2094 1010 et-
2109 941 2243 1008 bonam

215 1071 288 1120 esse
311 1049 398 1133 Dei,
430 1062 472 1119 ut
498 1047 649 1119 loannes
671 1046 850 1134 nominat,
891 1069 962 1142 quo
985 1040 1202 1117 inchoantur
1253 1045 1516 1118 conscientiam.
1566 1043 1649 1116 Non
1670 1059 1854 1116 struantur
1868 1045 2020 1114 insidiae
2033 1038 2246 1112 hominibus

215 1165 358 1224 actema
371 1150 460 1234 vita,
486 1149 620 1220 iustitia
636 1144 827 1219 etlaetitia.
845 1223 857 1232 ,,
1235 1145 1425 1217 *iactandis
1452 1145 1661 1230 adflatibus,
1702 1159 1749 1219 ut·
1761 1168 1867 1239 saepe
1887 1147 2044 1216 vidimus
2066 1137 2134 1214 hac
2157 1156 2244 1222 arte,

222 1280 225 1290 ·
316 1247 473 1322 Sextum
488 1246 675 1341 Evangelii
697 1251 939 1322 testimonium
962 1249 1000 1321 in
1023 1249 1111 1342 ipsis
1127 1272 1202 1318 rre-
1254 1261 1423 1342 tanquam
1447 1249 1583 1318 fascino
1603 1249 1774 1341 populum
1799 1251 1845 1320 ab
1868 1246 2121 1340 nuptiatoribus
2136 1247 2247 1313 dece-

216 1352 383 1424 dentibus
412 1353 597 1444 perspicoe
625 1352 807 1422 convincit
834 1365 969 1422 mentes
992 1365 1028 1430 et
1048 1364 1202 1444 pectora,
1253 1363 1354 1442 ptum
1372 1371 1457 1424 esse.
1509 1347 1595 1420 ldeo
1613 1349 1728 1422 Filius
1743 1351 1870 1421 missos
1885 1363 1954 1435 est,
1979 1361 2020 1420 ot
2035 1347 2247 1444 promissio-

217 1455 382 1524 videlicet
401 1454 595 1524 consolatio
618 1477 679 1523 seu
704 1453 854 1537 laetitia,
887 1479 977 1546 quae
999 1452 1204 1524 accenditur
1254 1475 1337 1522 nem
1357 1450 1659 1522 reconciliationis
1673 1475 1836 1524 amanam
1851 1463 1887 1522 et
1904 1451 2061 1541 ignotam
2076 1448 2246 1518 otmihus

218 1554 393 1648 aspicito
414 1568 553 1641 sancto,
580 1557 626 1626 de
648 1579 717 1649 qua
733 1552 865 1624 Paulus
890 1555 1022 1649 inquit:
1054 1551 1205 1645 Accepi·
1255 1555 1424 1624 creaturis
1445 1554 1671 1644 patefaceret,
1697 1571 1731 1627 et
1754 1549 1821 1624 hac
1835 1555 1955 1625 andita
1971 1553 2058 1622 fides
2074 1551 2244 1621 accenda-

217 1657 282 1727 stis
304 1655 496 1748 Spiritum,
526 1681 600 1750 quo
624 1657 834 1738 clamamus,
859 1653 963 1727 Abba
977 1655 1099 1742 Pater;
1132 1679 1203 1748 quo
1256 1667 1332 1736 tur,
1355 1667 1390 1726 et
1404 1655 1499 1726 Deus
1514 1679 1587 1726 sese
1600 1656 1705 1727 nobis
1721 1656 1974 1741 communiret3
2004 1650 2248 1724 sicat-Paulus

219 1757 377 1829 sentiunt
397 1781 435 1828 se
448 1759 487 1826 in
502 1761 639 1843 magnis
653 1757 839 1828 doloribus
856 1759 963 1848 erigi,
989 1758 1051 1852 qai
1067 1771 1205 1827 susten·
1258 1756 1390 1850 inquit:
1424 1755 1530 1826 Fides
1555 1781 1596 1828 ex
1619 1759 1742 1828 auditu
1764 1771 1833 1842 est,
1863 1757 2005 1828 auditus
2019 1756 2249 1847 perverbum

218 1873 292 1929 tant
309 1881 346 1928 se
363 1860 575 1949 cogitatione
588 1855 775 1949 Evangelii
789 1873 823 1929 et
847 1861 1090 1946 invocatione,
1116 1861 1206 1928 sicut
1256 1855 1336 1930 Dei.
1387 1855 1510 1947 Quare
1530 1861 1744 1930 contumelia
1762 1857 1894 1930 Filium
1914 1859 1977 1930 Dei
1996 1855 2188 1937 adficiunt,
2214 1866 2250 1922 ct

219 1959 353 2032 Paulus
373 1961 510 2056 inquit:
542 1957 697 2054 Spiritus
714 1962 911 2054 opitulatur
927 1961 1123 2031 infirmitati
1141 1982 1206 2028 no-
1257 1960 1361 2028 fidem
1376 1973 1410 2028 et
1424 1961 1543 2031 omnia
1558 1963 1722 2032 exercitia
1737 1962 1822 2031 fidei
1837 1961 1970 2034 tollant
1986 1959 2040 2030 illi
2056 1956 2248 2053 Coryban-

220 2077 323 2136 strae.
1257 2072 1329 2144 tes,
1368 2061 1432 2156 qui
1471 2064 1654 2134 abducunt
1685 2077 1821 2134 mentes
1854 2087 1874 2134 a
1906 2062 2036 2153 scripta
2068 2060 2248 2132 doctrina.

322 2162 419 2236 llaec
438 2163 638 2237 testimonia
656 2187 759 2255 saepe
777 2165 963 2254 cogitanda
982 2177 1082 2250 sunt,
1106 2189 1146 2235 ac
1162 2167 1206 2233 de
1259 2159 1394 2250 Quanti
1426 2163 1565 2234 furores
1589 2165 1700 2237 secuti
1723 2179 1856 2245 essent,
1886 2165 1915 2234 si
1939 2162 2085 2234 remotis
2104 2161 2249 2252 scriptis

220 2267 449 2338 seclusimus
463 2267 663 2357 vigilantes,
687 2289 734 2336 ne
750 2265 786 2335 id
804 2265 911 2336 nobis
925 2266 1122 2337 excutiatur
1138 2265 1207 2336 Fa·
1258 2258 1479 2356 Propheticis
1500 2279 1534 2337 et
1550 2263 1764 2358 Apostolicis
1781 2267 1926 2338 cuilibet
1941 2261 2148 2360 hypocritae
2160 2264 2249 2332 lice-

222 2368 419 2436 uaticorum
438 2363 623 2436 hominum
639 2367 856 2458 praestigiis,
879 2381 921 2438 ut
937 2363 1206 2464 Anobaplistae
1257 2379 1312 2436 ret
1333 2365 1412 2438 ficta
1433 2369 1576 2438 oracula
1596 2393 1638 2438 ex
1658 2391 1723 2440 suo
1741 2363 1994 2440 Enthusiasmo
2015 2379 2183 2462 tanquam
2206 2363 2246 2432 in

222 2481 257 2540 ot
268 2463 568 2566 Stencltsclds‘anc'
577 2469 683 2540 salsos
698 2470 849 2539 adflatus
864 2470 1016 2556 iactant,
1042 2469 1123 2562 qui,
1147 2493 1207 2538 re-
1258 2487 1321 2536 sua
1344 2467 1485 2559 tripode
1505 2471 1688 2562 prolerre?
1737 2468 1791 2542 Ac
1804 2463 1846 2564 ¹⁰)
1860 2469 1936 2540 eius
1951 2468 2003 2541 rei
2017 2468 2168 2559 exempla
2186 2465 2242 2533 vi-

221 2583 317 2640 moto
341 2567 447 2638 verbo
460 2565 557 2654 Dei,
586 2571 727 2658 lingunt
749 2569 788 2638 in
812 2571 886 2642 otio
910 2593 948 2640 se
973 2566 1102 2640 habere
1124 2593 1206 2640 suos
1259 2569 1376 2637 dimus
1389 2569 1428 2636 in
1442 2572 1620 2660 tragoedia
1635 2569 1911 2643 Monasteriensi
1927 2584 1961 2640 et
1974 2571 2075 2640 alibi.¹
2119 2566 2244 2656 Quare

221 2672 392 2763 quosdam
400 2666 683 2756 Enthusiasmos,
708 2683 748 2742 ut
763 2671 919 2763 comperi
932 2672 1055 2742 talium
1074 2672 1206 2741 multo·
1259 2693 1381 2740 omnes
1394 2671 1446 2762 pii
1462 2673 1624 2742 doctores
1637 2686 1671 2744 et
1684 2674 1864 2745 auditores
1880 2683 2083 2744 constanter
2096 2669 2167 2742 illis
2182 2671 2248 2738 dc-

221 2793 302 2842 rum
320 2772 524 2857 mendacia,
549 2786 586 2843 et
602 2769 881 2844 Monosterieuse
897 2773 1095 2866 exernplum
1112 2775 1207 2842 mul·
1260 2772 1457 2842 liramentie
1471 2776 1651 2844 adversari
1667 2777 1809 2846 debent.

221 2886 338 2942 torum
362 2875 517 2943 ostendit
537 2888 571 2944 et
585 2874 775 2945 vanitatem
791 2889 825 2944 et
840 2873 1024 2948 malitiam.
1074 2873 1208 2946 Scribit
1363 2871 1482 2944 Tuum
1507 2876 1632 2964 igitar,
1663 2871 1784 2957 Petra,
1816 2873 2006 2948 consilium
2029 2887 2064 2944 et
2085 2871 2247 2944 studium

220 2967 507 3072 Stcnclrsclds'us,
530 2973 646 3044 Deum
657 2999 733 3047 sese
742 2977 1005 3047 ¹communicas-e
1021 2971 1207 3046 hominum
1259 2973 1385 3058 laudo,
1415 2979 1509 3069 quod
1535 2991 1567 3046 ct
1590 2974 1800 3050 adhortator
1814 2983 1905 3048 esad
1924 2977 2110 3048 lectionem
2126 2972 2252 3078 omni7

221 3075 400 3146 mentibus
415 3077 493 3146 sine
508 3076 645 3162 medio,
667 3078 804 3148 acinde
819 3077 1050 3150 ratiocinator
1063 3077 1207 3148 accendi
1259 3076 1327 3146 bus
1347 3077 1432 3168 piis,
1459 3079 1549 3148 sicut
1565 3077 1696 3151 Paulus
1716 3081 1850 3174 inquit:
1885 3078 1943 3152 Sis
1958 3077 2121 3148 assiduus
2137 3075 2176 3142 in
2195 3075 2251 3142 le-

222 3173 365 3247 divinos
385 3191 502 3248 motus
524 3201 597 3248 non
621 3180 832 3268 cogitatione
852 3179 1001 3272 scriptae
1016 3180 1208 3264 doctrinae,
1259 3177 1392 3260 ctione,
1426 3194 1626 3251 monstrans
1651 3183 1747 3252 mam
1768 3184 1813 3252 ad
1837 3181 1995 3274 singulos
2010 3180 2124 3250 libros
2139 3199 2251 3246 mon-

222 3299 297 3348 non
321 3279 518 3350 ministerio
533 3273 738 3371 Evangelii,
770 3283 830 3352 sed
850 3280 1077 3352 simulatione
1095 3282 1206 3352 torvi·
1258 3279 1377 3349 stratis
1406 3283 1633 3372 argumentis.
1690 3283 1834 3355 Utinam
1856 3283 1966 3372 magis
1987 3283 2030 3350 ad
2056 3279 2250 3352 lectionem

222 3380 303 3452 (atis
324 3395 358 3451 et
380 3395 539 3470 gestuum
562 3383 769 3472 tragoediis,
802 3385 832 3452 si
852 3382 1026 3454 misceant
1050 3382 1205 3452 sermoni
1259 3395 1293 3452 et
1315 3380 1409 3474 piam
1433 3385 1670 3472 precationem
1691 3385 1897 3456 adsuefieret
1923 3385 2105 3462 iuventus,
2137 3403 2252 3474 quam

220 3484 299 3550 aaa
313 3483 462 3574 suspiria
475 3496 510 3554 et
525 3483 695 3554 crocodili
708 3485 870 3554 lacrimas
882 3497 918 3554 et
932 3484 1018 3555 alias
1031 3483 1206 3577 impostu-
1258 3486 1302 3554 ad
1316 3485 1557 3554 cavillationes
1572 3486 1873 3579 disputationum!
1906 3484 2121 3557 Cer-teenim
2138 3483 2254 3553 rebus

222 3605 278 3653 ras
292 3595 365 3654 arte
379 3583 571 3659 accersitas.
625 3583 667 3655 ln
684 3585 814 3680 quibus
832 3585 983 3656 maxime
998 3597 1128 3676 augent
1142 3608 1205 3655 au·
1257 3599 1351 3657 recte
1370 3586 1568 3678 explicatis,
1599 3602 1633 3658 et
1652 3611 1726 3658 non
1750 3589 1837 3658 falsa
1853 3585 1892 3683 ΙΙ)
1918 3583 2108 3658 constituta
2129 3585 2254 3654 ianua

222 3685 418 3756 ctoritatem
444 3687 651 3758 obtrectatio
674 3699 708 3758 et
729 3689 924 3779 paradoxa,
954 3699 995 3758 ut
1012 3683 1205 3758 Sebastia-
1256 3688 1458 3775 doctrinae,
1497 3702 1637 3780 oportet
1668 3691 1950 3782 disputationum
1985 3709 2059 3758 asse
2083 3687 2254 3756 modum.

109 3827 116 3842 ·
223 3806 294 3854 aus
308 3781 482 3856 Francus
499 3789 708 3861 docentibus
724 3789 975 3870 maledicebat,
1001 3801 1036 3860 et
1054 3789 1204 3880 college-
1255 3789 1303 3862 Et
1324 3790 1546 3861 verissimum
1568 3805 1619 3862 est
1644 3792 1778 3863 dictum
1798 3786 1843 3867 τὸ
1865 3787 1950 3864 λίαν
1966 3782 2116 3887 ἀκριβὲς
2130 3807 2255 3861 συκο-

123 3965 132 3974 ,
221 3901 278 3958 rat
299 3909 466 3977 magnum
488 3889 654 3961 volumen
668 3891 844 3962 dictorum
859 3885 1153 3982 Propheticorum
1169 3905 1204 3961 et
1255 3883 1402 3988 φάντας
1414 3893 1521 3966 ποιεῖ.

222 3986 530 4080 Apostolicorum,
561 4015 651 4083 quae
673 3991 712 4060 iu
734 3991 885 4084 speciem
910 4017 984 4061 non
1008 4013 1203 4083 congruere
1358 3995 1523 4087 Cumque
1554 3993 1725 4088 sapientia
1754 3994 1869 4067 incliti
1898 3993 2006 4086 Regis
2035 4010 2070 4068 et
2099 3995 2254 4086 piorum

221 4092 435 4160 viderentur.
504 4089 591 4160 lude
613 4087 681 4162 hoc
703 4095 904 4178 extruebat,
940 4117 1015 4163 non
1039 4117 1081 4163 ex
1100 4093 1203 4163 litera
1256 4096 1441 4164 doctorum
1464 4095 1502 4163 in
1526 4117 1636 4184 regno
1659 4107 1776 4167 vestro
1795 4098 1980 4187 diligentia
2004 4097 2055 4168 sie
2073 4109 2252 4186 regantur

220 4193 451 4262 iudicandum
473 4213 563 4276 esse,
594 4195 655 4262 sed
672 4193 845 4264 iudicium
859 4216 932 4263 esse
947 4189 1203 4268 Enthusiasmi.
1254 4195 1370 4266 studia
1394 4196 1623 4281 discentium,
1647 4210 1690 4267 ot
1705 4222 1776 4268 oon
1795 4201 2008 4269 concedatur
2024 4199 2166 4269 lieentia
2181 4221 2254 4270 ca·

219 4291 268 4367 Et
281 4307 356 4366 arte
370 4294 408 4363 in
423 4293 609 4384 paradoxis
621 4309 790 4385 spargunt
805 4297 1067 4366 accommodata
1079 4297 1123 4366 ad
1140 4297 1204 4366 ad·
1255 4297 1423 4382 villaodi,
1461 4298 1597 4368 utiliter
1636 4301 1837 4370 consulitur
1866 4297 2105 4371 Ecclesiamm
2138 4313 2252 4370 tran-

218 4396 330 4467 iectus
345 4395 442 4486 vulgi
457 4397 548 4466 etad
565 4395 871 4485 amplificationem
884 4396 1059 4474 licentiae.
1110 4395 1203 4469 Sunt
1255 4399 1440 4492 qrtillitati,
1481 4413 1516 4471 et
1545 4398 1687 4490 ingenia
1721 4401 1767 4470 ad
1794 4401 2001 4472 modestiam
2028 4401 2251 4478 adsuehunt.

219 4511 254 4567 et
276 4498 336 4590 qui
359 4499 469 4569 libros
487 4496 685 4592 Sibyllinos
709 4497 981 4584 circumierunt,
1011 4498 1203 4592 exquibus
1254 4493 1402 4584 Omnia,
1428 4500 1588 4592 quamvis
1608 4513 1701 4571 recte
1716 4503 1844 4572 tradita
1861 4501 2063 4574 labefactari
2079 4519 2249 4593 possunt,

221 4613 365 4668 armarat
386 4599 527 4668 oracula
551 4600 814 4670 accommodata
830 4600 875 4670 ad
892 4622 1014 4670 eorum
1032 4599 1202 4685 adlectus,
1252 4603 1282 4672 si
1298 4602 1538 4671 cavillationes
1554 4602 1755 4688 audiantur,
1777 4604 1898 4698 quales
1913 4605 2000 4674 olim
2018 4600 2249 4698 Pyrrhonio-

220 4699 350 4793 quibus
364 4702 606 4771 adsentantur.
637 4697 716 4770 Hoc
730 4721 841 4790 genus
855 4697 1100 4794 Corybantum
1116 4725 1202 4770 con·
1252 4727 1331 4773 rum
1354 4717 1387 4773 et
1404 4699 1698 4772 Academicorum
1718 4705 1875 4776 luerunt.
1929 4703 2012 4776 ldeo
2033 4707 2247 4794 gravissime

219 4801 446 4870 siderandum
467 4814 535 4885 est,
560 4816 595 4872 et
616 4801 813 4874 firmissime
828 4800 1014 4871 retinenda
1031 4814 1082 4870 est
1098 4822 1202 4892 regu-
1252 4801 1385 4874 Paulus
1403 4804 1448 4874 ad
1470 4799 1717 4896 Philippenses
1737 4806 1836 4878 iubet
1858 4807 2040 4877 doctrinae
2053 4803 2246 4878 Canonern

218 4903 269 4970 la:
294 4899 452 4970 Lucerna
472 4903 619 4990 pedibus
633 4903 721 4974 meis
735 4905 882 4974 verbum
899 4915 1016 4972 tuum:
1042 4902 1126 4972 item
1142 4899 1198 4972 Ad
1252 4905 1407 4975 retineri.
1460 4899 1539 4972 Oro
1564 4917 1680 4974 nutem
1695 4903 1828 4978 Filium
1845 4903 1933 4990 Dei,
1961 4906 2155 4978 Dominum
2170 4935 2246 4979 no-

219 5003 329 5088 legem
360 5015 394 5071 et
422 5005 465 5070 ad
490 5002 747 5075 testimonium:
783 5005 869 5077 item
892 4999 1127 5095 Evangelinm
1147 5017 1200 5075 est
1251 5019 1363 5076 strum
1382 5003 1499 5075 lesum
1520 4999 1722 5092 Christum,
1753 5019 1793 5079 ot
1808 5021 1850 5080 et
1866 5021 1984 5080 servet
2007 5023 2039 5080 et
2063 5013 2246 5099 gubernet

216 5103 374 5195 potentin
390 5101 456 5172 Dei
474 5105 517 5170 ad
533 5103 679 5173 salutem
694 5107 792 5176 omni
808 5105 980 5180 medenti.
1028 5103 1102 5176 Nec
1116 5119 1200 5177 sunt

215 5205 383 5274 audiendi
417 5205 644 5295 impostores,
683 5207 745 5298 qui
778 5207 1018 5279 vociferantur
1048 5206 1198 5278 adflatus
1282 5265 1310 5328 9)
1332 5263 1418 5318 Luna.
1434 5262 1611 5328 proculcare.

214 5305 360 5375 aliunde
381 5308 550 5395 petendos
563 5329 636 5375 esse
651 5305 728 5374 sine
743 5308 953 5398 cogitatione
968 5307 1117 5398 scriptae
1130 5309 1194 5376 do·
1287 5351 1329 5413 ιο)
1349 5349 1402 5418 Aa]
1423 5345 1508 5400 tuas.
1527 5347 1591 5414 gx,
1616 5344 1747 5400 mro„
1765 5357 1815 5416 μ,
1834 5343 1882 5400 ῃ,

213 5407 357 5482 ctrinae.
407 5405 578 5478 'leucada
605 5419 656 5479 est
680 5407 800 5498 regula
819 5407 885 5479 filli
903 5409 993 5498 Dei,
1018 5409 1082 5504 qui
1099 5407 1199 5480 iubet
1284 5436 1327 5504 rt)
1347 5432 1421 5488 nect.
1437 5431 1527 5502 sano.

1288 5761 1307 5800 o
