4722 6198
220 277 294 356 ,07
769 252 1208 336 nors-romanat
1255 255 1364 338 otu.
1415 257 1518 342 xm.
1572 257 1702 344 1657.
2171 275 2231 352 aas

231 451 377 544 quidem
392 440 591 518 testimonia
607 434 714 510 hahet
730 433 858 508 veteris
877 431 1085 526 etpurioris
1101 427 1230 504 Eccle-
1276 433 1410 506 latione
1425 457 1501 508 esse
1517 448 1630 531 potest
1648 431 1700 535 ⁹),
1731 435 1770 514 in
1792 461 1860 535 qna
1877 437 2023 532 simplex
2038 440 2157 516 ceritas
2172 449 2233 520 sins

233 559 322 634 siae,
350 547 485 622 etiamsi
507 545 694 636 scriptores
719 549 798 634 post
816 535 1009 626 Apostolos
1032 535 1094 606 alii
1117 532 1229 625 magis
1275 531 1468 630 sophistica
1491 553 1526 612 ct
1547 539 1624 610 sine
1648 540 1849 614 animorum
1865 545 2053 616 acerbitate
2066 547 2234 640 quaeritur,

203 657 298 728 --alii
314 653 434 724 miuus
448 647 531 742 puri
547 656 650 726 sunt,
674 655 707 712 et
725 639 837 712 multa
849 635 880 734 ⁸)
902 637 1063 728 contagia
1082 656 1229 710 suorum
1276 652 1318 710 ut
1337 636 1466 712 Gloria
1480 637 1549 712 Dei
1567 641 1766 715 illustretur
1778 657 1813 714 et
1830 644 1940 718 saluti
1954 646 2144 720 animarum
2164 675 2235 726 con·

235 747 437 848 temporum
453 747 597 832 habent,
623 737 1086 834 sicptisempcrhominnm
1101 751 1229 810 natura
1278 741 1427 818 solatur.
1477 739 1724 816 Promittimus
1746 743 1876 836 igitur,
1901 770 1985 830 nos,
2008 745 2082 820 Deo
2105 749 2238 838 iuvante,

236 858 346 932 habet
365 853 501 948 aliquid
519 843 784 931 imbecillitatis.
836 839 944 932 Quod
961 867 1044 912 vero
1060 841 1171 934 aliqui
1187 863 1230 912 ex
1278 844 1437 936 megleste
1449 856 1485 916 et
1502 845 1644 937 proprie
1661 858 1695 916 et
1708 846 1787 918 sine
1799 843 2053 941 sophismatum
2067 853 2238 942 praestigiis

238 963 425 1050 doctomrn
446 943 665 1042 seutentia⁸)
690 959 881 1037 excerpunt
898 945 1033 1014 semina
1055 966 1231 1046 errorum,
1280 970 1362 1018 vera
1384 945 1616 1018 fundamenta
1636 949 1818 1020 doctrinae
1838 964 1957 1021 nostra
1972 953 2238 1046 exscriptispm.
2313 1003 2314 1024 ,

239 1065 301 1165 qni
327 1075 405 1154 post
425 1081 485 1128 eos
499 1053 635 1151 maiora
652 1050 867 1122 incrementa
889 1041 1111 1132 hahuerunt,
1133 1045 1232 1116 lesus
1279 1041 1430 1139 pheticis
1450 1049 1671 1142 exposituros
1686 1073 1777 1137 esse,
1803 1075 1844 1122 ac
1861 1051 2014 1122 vicissim
2028 1055 2189 1146 petimus,
2209 1069 2241 1126 „q
2313 1035 2314 1072 t

243 1181 277 1238 ‘l
295 1161 508 1260 Pervenit&
523 1169 586 1255 θδῑς
680 1222 685 1254 ,,
1280 1150 1535 1234 gubernatores
1559 1151 1729 1246 colloquii
1753 1177 1827 1224 non
1843 1157 2037 1226 concedant
2055 1156 2240 1227 adversariis

219 1280 227 1292 ’
343 1265 467 1337 Altera
490 1282 572 1352 pars
595 1245 798 1338 Reverendi
823 1243 928 1322 nom.
954 1241 1130 1314 Praesidio
1150 1265 1233 1316 ora·
1282 1251 1404 1322 ludere
1426 1245 1702 1344 sophismatibus
1725 1267 1759 1324 et
1779 1257 1989 1350 detorquere
2003 1258 2093 1330 dicta
2110 1252 2242 1350 proplie-

240 1369 369 1452 tinnis,
393 1365 517 1459 inqua
536 1371 588 1430 est
602 1349 892 1427 commemoratio
910 1349 955 1420 de
970 1345 1121 1440 publicis
1137 1345 1232 1416 cala-
1282 1351 1350 1424 tica
1372 1366 1406 1424 et
1420 1351 1612 1445 apostolica
1625 1355 1669 1426 ad
1685 1355 1818 1428 alienas
1832 1359 2022 1430 sententias
2039 1375 2073 1434 et
2086 1359 2241 1432 cumulare

242 1469 448 1552 mitatihus,
470 1485 558 1559 quas
571 1457 690 1532 attulit
703 1469 738 1526 et
751 1453 866 1526 adfert
883 1449 1025 1540 publica
1042 1446 1250 1545 discordia,¹
1283 1455 1375 1524 dicta
1407 1453 1621 1546 scriptorum
1653 1457 1968 1536 ecclesiasticorum
2001 1481 2062 1536 sen
2092 1462 2173 1532 lalsa
2194 1483 2241 1534 sen

240 1575 348 1644 valde
361 1579 465 1660 auget
477 1563 620 1636 dolores
633 1581 730 1630 meos
742 1551 784 1650 ’)
835 1550 1018 1644 Significat
1031 1549 1143 1636 enirn,
1166 1569 1233 1620 nos
1284 1581 1368 1626 vera
1388 1555 1482 1626 male
1503 1558 1652 1632 detorta.
1700 1555 1855 1632 Talibus
1877 1563 2089 1634 centonibus
2104 1563 2242 1634 adversa·

245 1699 318 1748 ΕΜ
342 1657 638 1756 (ΙῐδθθῑᾶἷθῐῦῐῐῐἼ
664 1673 804 1732 311ῑοῐῦ
824 1669 859 1726 θῑ
872 1653 988 1740 fam·
1013 1666 1050 1724 01
1061 1653 1158 1722 Velut
1173 1675 1234 1720 ⁰¹-
1284 1658 1328 1728 rii
1352 1657 1541 1750 praecipue
1564 1657 1634 1728 iam
1656 1661 1777 1731 multis
1799 1661 1903 1734 annis
1923 1665 2047 1736 fiscum
2063 1665 2188 1736 iaciunt
2201 1664 2243 1733 iu·

244 1778 391 1871 probrat
422 1769 527 1840 nobis
554 1763 769 1838 calamitates
792 1769 941 1828 nostras.
1000 1753 1234 1824 Meminimus
1284 1760 1407 1830 doctis.
1459 1755 1650 1850 Eomagis
1673 1775 1792 1836 autem
1813 1765 1980 1838 vitandus
2004 1781 2057 1840 est
2078 1760 2133 1836 hic
2153 1766 2245 1848 ludus

243 1881 391 1950 vulnera
409 1885 551 1955 nostra,
576 1880 610 1937 et
623 1862 756 1957 experti
773 1883 896 1932 sumus
910 1881 1032 1949 aspera
1050 1856 1235 1926 rudimen·
1286 1861 1369 1954 quia
1393 1855 1479 1967 baec
1500 1875 1573 1934 tota
1596 1863 1737 1938 collatio
1761 1865 1944 1939 reserenda
1966 1882 2024 1940 ω
2042 1869 2086 1938 ,d
2100 1866 2242 1940 senatum

139 2007 143 2018 ’
245 2000 302 2068 ta,
337 2001 429 2072 qnae
458 1995 523 2042 nos
553 1963 878 2040 commonefaciunt
898 1962 943 2030 de
964 1961 1114 2030 amanda
1139 1979 1234 2050 paee.
1289 1963 1444 2058 huperti,

245 2079 296 2154 Et
320 2077 548 2170 deploramus
566 2067 748 2141 civitatum
770 2078 805 2136 et
820 2054 1029 2154 Principum
1048 2080 1236 2130 aerumnas
1386 2062 1570 2136 Postremo
1600 2065 1684 2160 quia
1712 2065 1812 2138 iubet
1832 2091 1902 2143 nos
1926 2065 1973 2142 R.
1998 2065 2045 2142 D.
2068 2069 2246 2144 Praesidens

248 2199 283 2256 el
305 2181 502 2252 mullorum
523 2171 702 2244 mbilium
722 2181 756 2240 el
770 2165 917 2238 sttrfium
935 2163 1094 2233 vlffll'tlm
1111 2159 1237 2232 inlerl·
1287 2165 1484 2238 deliberare
1506 2167 1552 2235 de
1572 2167 1701 2238 ordine
1722 2168 1940 2256 collationis,
1963 2171 2145 2246 luitantea
2158 2174 2246 2244 usita-

249 2303 317 2358 tus.
367 2280 604 2373 Deplorsuous
626 2285 661 2342 et
683 2269 834 2340 aliorum
855 2285 975 2346 neces,
1008 2263 1069 2358 qni
1093 2275 1237 2356 propter
1287 2283 1362 2340 tum
1387 2269 1425 2338 in
1450 2269 1582 2340 talibus
1602 2271 1849 2360 congressibus
1864 2272 2035 2344 ordinem
2049 2274 2245 2348 articulorum

247 2383 504 2460 consessionem
523 2377 617 2470 piam
634 2372 793 2470 quotidie
810 2365 1093 2450 interficiuntur,
1125 2379 1159 2436 et
1180 2387 1236 2434 as-
1287 2369 1518 2442 ronlessionis
1540 2370 1652 2463 sequi.
1704 2369 1802 2442 Idem
1817 2377 2159 2470 nuncquoquelieri
2175 2373 2246 2467 peti·

247 2488 361 2564 siduis
389 2481 579 2574 gemitibus
603 2473 719 2548 Deum
752 2493 958 2568 precamur,
998 2481 1039 2538 nt
1058 2463 1239 2540 Ecclesiae
1288 2495 1380 2546 mars.
1429 2469 1500 2543 Sed
1520 2472 1726 2560 audiamus,
1757 2476 1844 2568 quid
1866 2473 2244 2553 conternantem

249 2587 497 2664 concordiam,
524 2595 559 2652 et
581 2577 732 2672 patriae,
757 2571 889 2644 nostris
905 2568 1050 2640 familiis
1069 2583 1105 2638 et
1121 2581 1238 2659 poste-
1289 2586 1323 2643 et
1343 2573 1489 2644 caeteris
1513 2573 1686 2645 videatur.
1736 2573 1927 2648 Precamur
1945 2593 2070 2654 autem
2087 2581 2178 2652 filium
2188 2573 2245 2646 Dei

249 2695 300 2765 ris
321 2691 456 2762 tribuat
479 2707 553 2753 nou
577 2679 692 2750 solum
716 2699 858 2770 pacem,
882 2673 941 2742 sed
960 2671 1239 2742 etordinecon·
1289 2673 1485 2746 Dominum
1508 2688 1669 2746 nostrum
1696 2673 1800 2758 LC.,
1835 2690 1877 2750 ut
1901 2701 1966 2749 nos
1993 2683 2166 2771 gubernet.
2203 2673 2247 2745 Ile

252 2795 393 2866 stitutas
418 2785 560 2880 politias
594 2794 628 2852 et
659 2774 806 2850 honesta
840 2773 1021 2846 domicilia
1047 2783 1241 2844 conservet.
1289 2777 1499 2848 iuramentis
1520 2789 1656 2862 autem,
1682 2802 1761 2848 cum
1784 2781 1932 2852 sormam
1956 2778 2249 2854 eonnuaudireri·

253 2897 324 2968 Sed
343 2893 439 2988 qood
455 2889 501 2959 ab
518 2881 681 2956 hostibus
696 2874 896 2968 Evangelii,
914 2875 976 2970 qni
994 2898 1030 2944 se
1043 2869 1241 2946 Ecclesiam
1289 2903 1386 2961 mass,
1421 2901 1638 2970 exponemus
1662 2880 1887 2969 petitionem,
1918 2907 2031 2974 quam
2053 2881 2248 2956 „emm

253 2995 461 3076 nominant,
509 2985 755 3062 dissentimus,
795 2978 1026 3050 severissimis
1064 2973 1242 3046 mandatis
1290 2979 1589 3071 esseiudipamus.
1640 2979 1736 3056 Dixi.
1774 2979 2248 3078 Ann01557.11·Septem'·

250 3097 320 3172 Dei
353 3095 515 3186 cogimur
544 3090 641 3160 iuxta
670 3079 757 3155 haec
789 3083 898 3152 dicta:
946 3077 986 3148 εἰ
1014 3077 1098 3176 qur's
1132 3068 1246 3146 aliud
1290 3079 1427 3176 briem)

253 3193 508 3292 Evangeh'um
524 3185 641 3273 docel,
661 3175 865 3258 anathema
880 3177 951 3258 sila
977 3180 1078 3252 items
1104 3175 1173 3276 qni
1183 3173 1242 3249 di·
1967 3263 1970 3270 Ι

254 3298 352 3374 xers'l
378 3287 648 3393 blasphemiam
673 3293 801 3359 contro
818 3280 1001 3384 Spiritum
1015 3304 1066 3368 s„
1094 3303 1169 3350 aon
1187 3300 1243 3349 rs-
1302 3285 2254 3331 '‘tm-*Wm-ff-smfflw..

255 3401 439 3477 milleium
467 3398 567 3468 item:
587 3388 715 3490 sugite
737 3383 853 3464 idolo.
904 3383 972 3456 His
994 3383 1126 3454 divinis
1138 3404 1242 3452 man·
1296 3439 1348 3512 No
1376 3441 1477 3515 634⁰

256 3505 348 3578 datis
371 3525 452 3572 cum
477 3519 599 3590 parere
623 3515 762 3566 necesse
782 3491 846 3574 sit,
879 3511 954 3558 non
967 3483 1243 3558 nosdiscordiaa
1293 3489 1488 3568 ὦ·
2110 3449 2255 3576 'Q

256 3621 397 3680 autores
417 3621 558 3680 sumus,
585 3596 645 3666 sed
666 3593 769 3686 culpa
792 3615 916 3664 eorum
940 3601 1011 3676 est,
1044 3587 1106 3682 qui
1128 3584 1245 3656 mani-
1550 3643 1585 3728 Ι
1965 3651 1974 3670 ⁸

257 3711 383 3782 l'cstam
405 3703 587 3774 veritatem
603 3697 738 3775 delere,
770 3707 803 3765 et
818 3688 1006 3764 horribilia
1024 3689 1119 3762 idola
1136 3687 1246 3760 stabi·
1579 3645 1701 3730 ⁰001&
1731 3643 2017 3735 cumeram.

259 3812 326 3882 lire
347 3820 531 3878 conantur.
583 3798 655 3872 Nec
680 3821 746 3868 nos
767 3797 812 3866 ab
825 3792 984 3866 Ecclesia
998 3789 1068 3864 Dei
1083 3789 1254 3883 discessi-t
1364 3805 2200 3888 ttptst.sctcmer.p.72nted1.0sd.tts.tt².ep.sm.g

261 3934 360 3996 mus,
385 3931 451 3978 nec
473 3903 557 3976 socii
577 3902 723 3983 illorum
742 3898 1016 3980 essevolumus,
1041 3893 1102 3988 qui
1121 3913 1247 3964 cruore
1401 3964 1409 3983 ι
1457 3963 1464 3983 Ι
1576 3963 1583 3981 .
1776 3964 1785 3983 .
2256 3962 2261 3980 1

134 4027 139 4048 “
261 4014 403 4107 pionem
427 4003 606 4094 conspersi
627 4002 723 4072 idola
745 4012 902 4074 tuentur.
957 3995 1120 4092 Cumque
1145 4016 1249 4064 man·
1294 3953 1522 4038 Ulmum
1546 3987 1623 4034 W⁰
1646 3959 1849 4037 ‘ruffllwm
1869 3975 1901 4038 ol
1922 3968 2056 4044 mnata
2080 3971 2260 4070 praestante

261 4118 345 4188 data
358 4109 426 4184 Dei
440 4104 668 4180 anteferenda
682 4101 753 4170 sint
767 4101 935 4170 omnibus
952 4096 1149 4170 commodis
1170 4117 1248 4165 cor·
1380 4059 1628 4140 1⁰⁰⁶''5m0
1654 4060 1827 4148 Camtr.
1845 4067 1974 4170 stulti
1989 4097 2062 4148 suo
2078 4075 2199 4150 corus.

262 4239 403 4312 porum,
428 4207 589 4301 publicae
605 4218 640 4276 et
656 4202 812 4295 privatae
828 4193 1079 4296 tranquillitati
1095 4195 1251 4270 etcaris-
1300 4206 1350 4294 s,
1375 4217 1420 4292 Β,
1470 4215 1579 4306 Quod
1599 4218 1755 4290 faunum
1774 4233 1811 4290 εἰ
1831 4219 1916 4292 seqq„
1933 4223 1998 4312 δὴ,
2023 4225 2260 4298 ghundecqffl,

264 4317 363 4390 simis
380 4310 526 4392 lentilli!
546 4305 696 4390 ¹¹⁰³lfl⁵2
721 4305 1010 4423 ⁰⁰m¹q0¹¹q³¹¹¹¹¹⁸
1026 4299 1107 4384 ⁰⁰⁰,
1118 4297 1250 4417 ‚fillum
1300 4320 1517 4414 Septembris
1525 4313 1652 4389 Iulius
1664 4322 1875 4396 convocavit
1887 4326 2079 4424 utriusque
2092 4329 2196 4422 partis
2207 4323 2263 4396 col-

264 4417 488 4492 miseriarum
519 4421 738 4490 nostrarum,
777 4429 838 4498 qut
868 4405 975 4491 durit;
1014 4425 1123 4502 posue
1143 4395 1250 4470 verba
1301 4425 1489 4505 mmm
1511 4434 1669 4513 epm„
1684 4423 1862 4514 memus
1877 4427 2051 4515 demon,
2078 4431 2145 4521 ΙΨ
2159 4425 2264 4499 deind,

266 4517 561 4592 mercimonium
583 4524 631 4580 et:
655 4503 788 4580 umbro
803 4530 939 4577 manus
954 4510 1253 4602 meueprotcgam
1301 4518 1467 4596 „selago
1490 4522 1824 4607 fufflwfflgomm,
1853 4549 1922 4622 qu,
1938 4531 2126 4622 ‘must'
2149 4555 2183 4603 π
2197 4549 2265 4600 mn.

267 4633 317 4704 ts,
343 4628 382 4690 ul
397 4614 544 4712 plantes
562 4608 689 4729 coelos.
1038 4642 1041 4702 ζ
1145 4703 1153 4724 ⁸
1302 4627 1464 4699 stitutum
1478 4647 1552 4695 esse
1564 4621 1805 4721 βραβειηὴν,
1830 4643 1865 4700 et
1879 4633 2057 4724 quaedam
2073 4637 2118 4704 de
2130 4634 2172 4704 ils
2185 4625 2266 4702 malit

370 4717 479 4808 Quod
495 4739 578 4788 vero
593 4725 680 4808 peut
695 4705 1256 4826 reverendusnom.1>raeqdeo³‚
1303 4726 1458 4806 oratorio
1474 4751 1574 4798 more
1587 4727 1757 4814 intexuit,
1782 4752 1874 4823 quac
1888 4732 2184 4823 paritdiscordia.
2212 4728 2272 4802 tte-

267 4838 309 4900 ut
328 4820 486 4917 placide,
519 4818 595 4886 sine
616 4813 825 4906 ambagibus
846 4824 882 4930 et
901 4811 980 4930 sine
1003 4810 1169 4928 convitiis
1186 4831 1256 4876 no·
1303 4830 1449 4925 spondit
1470 4829 1622 4921 primum
1642 4823 1842 4917 Sidonius,
1869 4847 1990 4925 postea
2015 4857 2099 4926 ego,
2123 4851 2157 4906 et
2180 4851 2268 4927 pauca

269 4942 357 5000 atras
372 4918 564 4996 sententias
580 4937 815 5009 exponamus,
845 4907 939 4984 nihil
948 4925 1086 5003 gratem
1102 4910 1165 4982 tals
1181 4909 1256 4980 col·
1278 4915 1282 4984 l
1305 4933 1398 5019 (1525,
1426 4953 1492 5002 ,uf
1511 4930 1699 5000 asmata,
1714 4933 1761 5003 ει,
1775 4925 2177 5030 ,afflgstcofflmug
2220 4931 2269 5002 tn.

265 5093 484 5118 Μ
1306 5049 1361 5106 ter
1372 5047 1512 5104 nostros
1528 5033 1574 5102 de
1587 5030 1820 5104 confessione
1841 5058 2038 5111 consensus
2057 5053 2121 5111 est.
2169 5033 2202 5110 οἱ
2219 5057 2270 5128 με·

302 5203 330 5270 o)
349 5198 418 5256 ooo.
432 5193 553 5269 doetpl.
572 5193 662 5248 mane
1305 5137 1468 5210 θωναῖοι
1483 5133 1681 5227 petiverant
1690 5139 1861 5229 quasdam
1868 5140 2191 5227 condemnationes.
2214 5135 2270 5209 sed

301 5289 332 5356 s>
349 5285 422 5342 cod.
434 5278 551 5352 Gnelpb.
563 5277 652 5347 als'qrd
663 5276 927 5345 relictoldortrlsrnm
937 5284 1080 5348 perpetrm
1092 5273 1241 5330 nemmem.
1312 5289 1533 5307 -··--·--·-

301 5363 548 5445 Mod-thelt’b·
565 5371 686 5418 mmm·
1338 5357 1457 5427 Mod.
1469 5355 2177 5429 Gnalph.m'he‘1rtodlsgrallusmld'ss1hebm.

299 5459 329 5528 8)
348 5457 417 5514 Cod.
430 5449 550 5524 Goslpb.
567 5447 759 5504 dissidiorum·
1064 5519 1074 5560 ς
1341 5445 1387 5513 to)
1403 5443 1553 5512 namne]
1570 5461 1627 5498 non
1638 5439 1792 5504 babeteod.
1805 5441 1923 5520 Guslpls.
1963 5491 1969 5502 .
