4708 6190
88 352 168 435 ser
575 435 578 444 ,
667 281 1116 465 ‚sessronlauu
1155 318 1393 404 amans
1444 315 1581 406 asso
2059 331 2145 408 aaa

87 544 258 623 sumptus
276 525 387 612 'lecit,
426 532 593 620 quaeest
613 519 689 611 ipss
720 515 753 590 ei
777 513 889 586 msslta
914 505 1089 602 promisit.
1143 511 1217 586 est,
1258 497 1355 594 qnod
1375 496 1415 568 in
1439 511 1556 570 morte
1578 493 1777 596 soroiis'),
1809 493 1978 576 honestae
2005 521 2140 579 mateo-

88 634 345 706 narrationem
379 631 425 700 de
460 623 515 696 bis
556 625 663 696 rebus
693 609 935 688 Frosclselius
967 609 1090 684 mittit.
1144 627 1232 688 nae,
1255 625 1333 672 non
1351 601 1428 672 sine
1444 603 1625 675 moesticia
1640 603 1739 676 estiss
1766 607 1826 676 sed
1843 607 1890 680 sit
1904 610 2042 684 modus.
2090 609 2141 684 Et

84 732 189 822 ¹Orat
219 737 347 823 igitur,
391 730 506 803 estad
537 727 650 816 legata
677 718 779 795 heres
808 717 944 813 aliquid
975 714 1092 788 addet.
1143 705 1371 795 cogitandum
1386 718 1455 789 est,
1489 727 1556 774 nos
1568 705 1698 776 debere
1718 708 1939 802 acquiescere
1952 709 1990 780 in
2007 714 2139 802 cogita·

85 837 212 917 llabet
227 826 470 910 Frosclssls‘us
485 845 557 900 tres
574 829 682 909 filias,
708 847 859 920 qsrarum
876 840 993 890 mores
1007 827 1092 885 sunt
1144 809 1242 878 tione
1266 807 1460 878 voluntatis
1485 806 1563 881 Dei.
1630 806 1686 880 Sit
1706 823 1740 880 et
1763 803 1852 880 haec
1873 815 2069 884 consolatio
2100 817 2138 884 in

83 935 234 1016 bonesti
251 954 287 1010 et
304 938 365 1030 pii,
388 952 422 1009 et
435 945 509 1009 cota
522 933 650 1002 domus
665 942 757 1010 casta
771 939 841 998 ests
874 915 958 994 Erit
974 916 1092 988 omni·
1145 923 1352 1001 conspectu,
1384 911 1481 1003 quod
1501 909 1644 980 accessit
1664 913 1708 981 ad
1733 912 1973 984 dulcissimam
1989 941 2141 990 consue-
2229 891 2236 906 ⁸

84 1067 138 1115 no
156 1056 254 1132 grata
270 1041 347 1112 Deo
369 1038 497 1132 pictas,
528 1035 559 1104 si
584 1027 639 1104 bis
655 1029 785 1102 sanctis
801 1024 999 1116 virginibus
1023 1015 1093 1092 ali·
1144 1009 1306 1104 tudinem
1327 1008 1504 1083 Ecclesiae
1526 1013 1703 1100 coelestis,
1734 1013 1831 1086 iusta
1854 1017 2006 1088 dictum:
2039 1017 2140 1094 Beati

88 1147 181 1240 quid
208 1141 310 1216 heres
327 1141 508 1230 largiatur.
560 1131 639 1209 Etsi
658 1145 832 1227 quantum
862 1123 946 1198 baec
977 1122 1092 1194 oratio
1143 1115 1296 1202 mortui,
1335 1115 1459 1208 quiin
1485 1109 1645 1184 Domino
1672 1116 1885 1192 moriuntur.
1953 1116 2080 1212 Cogito
2106 1137 2141 1194 et

92 1250 192 1340 apud
205 1286 253 1322 ..=.
265 1242 300 1339 ¹)
327 1245 478 1315 valitura
502 1239 548 1310 sit
571 1237 715 1320 dubito,
748 1247 782 1304 et
799 1247 832 1302 te
849 1253 924 1302 oon
941 1228 1094 1297 libenter
1146 1241 1209 1307 ego
1225 1217 1385 1312 quotidie
1400 1217 1444 1286 de
1460 1211 1527 1286 boc
1542 1218 1686 1304 itincre,
1711 1233 1747 1290 et
1761 1221 1863 1290 avide
1881 1239 2022 1310 expecto
2040 1226 2138 1296 illam

90 1376 229 1435 onero,
260 1329 1093 1420 tasnenexistimotibisensumheredisuotum
1148 1319 1281 1405 lucem,
1314 1321 1353 1388 in
1375 1344 1443 1413 qua
1467 1315 1564 1388 Dens
1588 1319 1655 1390 erit
1677 1321 1799 1390 omnia
1824 1322 1862 1390 in
1884 1325 2071 1410 omuibus,
2107 1343 2141 1401 et

91 1477 191 1536 esse,
225 1465 259 1522 et
276 1452 306 1520 si
322 1472 395 1520 uon
413 1461 462 1519 est
478 1444 661 1540 dotopyos
675 1463 755 1529 erga
781 1435 944 1524 coniugis
963 1451 1094 1518 cogna·
1147 1421 1273 1516 procssl
1287 1423 1439 1492 aberunt
1454 1413 1643 1512 sophistica
1658 1435 1692 1492 et
1708 1413 1972 1517 sycophantica.

93 1571 170 1639 tas,
202 1555 369 1645 pictatem
384 1548 588 1622 deaurabit.
641 1541 799 1616 Oramus
822 1539 931 1628 igitur
945 1549 978 1604 cl
995 1525 1096 1602 Fro—
1251 1519 1359 1612 Quod
1375 1525 1571 1616 longiorem
1581 1525 1841 1596 enarrationem
1852 1527 2028 1600 dictorum
2039 1528 2142 1602 Pauli

93 1651 259 1728 schelius
275 1668 310 1725 et
329 1675 411 1743 ego,
442 1664 483 1722 ut
506 1647 685 1738 virginum
701 1665 803 1716 seusa
822 1640 869 1710 sis
887 1639 918 1706 ei
934 1631 1097 1706 hortator
1148 1623 1256 1729 scribi
1274 1625 1342 1695 vis:
1377 1627 1442 1696 etsi
1459 1623 1497 1694 in
1513 1649 1551 1694 re
1567 1625 1752 1696 manifesta
1776 1651 1850 1698 non
1865 1645 2020 1721 opuscst
2036 1631 2143 1724 longa

96 1776 141 1832 nt
170 1774 315 1851 propter
344 1757 438 1848 ipses
467 1752 601 1844 aliquid
635 1747 757 1838 legatis
785 1744 902 1819 addat.
965 1737 1096 1808 Totam
1148 1729 1407 1820 disputatione,
1439 1740 1558 1798 tamen
1583 1725 1621 1796 in
1639 1729 1858 1822 praefatione
1879 1733 1923 1800 de
1943 1733 2016 1804 ilfi,
2038 1731 2143 1808 pauli

96 1860 191 1932 hanc
210 1886 283 1930 rem
297 1873 332 1930 et
351 1857 470 1950 pietati
488 1869 522 1926 et
541 1851 750 1946 prudentiae
775 1862 855 1916 tuae
872 1839 1095 1914 commendo.
1148 1831 1271 1912 dictis,
1312 1843 1459 1924 propter
1492 1829 1670 1916 iuniores,
1701 1831 1837 1928 aliquid
1869 1834 2079 1908 intertexere)
2096 1835 2143 1934 Ἰ

97 1963 199 2036 Beue
213 1977 245 2032 et
261 1963 434 2034 foeliciter
449 1960 537 2030 vale.
591 1955 658 2026 Die
674 1946 870 2021 Laurentii.

204 2117 329 2186 Nescio
363 2136 410 2182 an
441 2107 612 2180 audieris:
655 2101 745 2190 Regi
775 2095 916 2170 Gallico
938 2091 1099 2165 Henrsco

103 2219 161 2287 ius
183 2215 408 2305 occupandae
431 2209 580 2298 Angliao
604 2233 621 2275 a
646 2203 751 2276 Rom.
781 2199 950 2271 l'ootifice
974 2199 1096 2266 datum

102 2319 183 2390 luit.
235 2315 331 2386 llaec
354 2326 458 2384 crunt
481 2313 598 2380 lutura
622 2309 722 2376 luitia
747 2301 912 2374 saevitiae
932 2301 1098 2370 adversus

102 2421 249 2512 eosqui
274 2444 292 2486 a
320 2413 428 2487 Rom.
456 2411 626 2482 Pontifice
648 2407 873 2477 dissentiunt.
929 2401 971 2472 ln
998 2399 1099 2470 Mar-

104 2519 183 2592 rhia
205 2521 308 2590 nobis
332 2517 448 2584 vicina
475 2514 512 2580 in
528 2513 660 2606 oppido
679 2509 778 2577 Sara
795 2507 966 2598 templum
985 2517 1099 2572 terrae

102 2637 204 2693 motu
220 2631 423 2716 quassatum
440 2630 491 2685 est
511 2629 669 2704 ternpore
685 2611 883 2692 concionis,
906 2621 941 2676 et
957 2605 1097 2676 testudo

102 2723 257 2816 collapsa
283 2719 457 2814 oppressit
478 2717 628 2791 sedecim
655 2711 817 2786 homines
840 2725 873 2782 el
888 2712 925 2780 in
944 2705 999 2778 his
1014 2729 1100 2778 con-

101 2827 342 2906 cionatorem,
372 2821 435 2914 qui
460 2832 577 2911 postea
604 2819 643 2886 in
666 2817 759 2885 idem
783 2805 1008 2904 sepulchrum
1026 2807 1101 2878 sol·

104 2931 171 3000 lati
201 2941 301 2998 sunl:
343 2925 404 2992 alii
433 2923 624 2991 evaserunt
655 2943 808 3014 quorum
844 2915 949 2984 multi
981 2927 1102 2981 lernen

102 3045 290 3123 aegrotant
313 3023 488 3094 maluerati
510 3025 602 3091 saxis
625 3019 815 3109 dissipatis.
877 3013 957 3084 Oro
983 3012 1099 3082 Deum

101 3151 147 3206 ut
171 3155 235 3202 nos
257 3134 449 3200 clementer
469 3137 641 3216 protegat.
701 3121 808 3191 Plura
831 3116 898 3188 alia
915 3112 1103 3199 habebam,

101 3239 167 3310 sed
184 3233 394 3329 properabat
409 3228 562 3298 nuncius
575 3219 588 3257 ²
599 3223 627 3321 ).

621 3368 812 3464 Philippus
826 3364 1053 3442 Melantbon.

926 3823 983 3886 to.
1011 3815 1094 3898 Aug.

109 3823 302 3956 use
926 3905 1099 3938 ..m

389 4018 825 4112 GeBmmem

217 4203 318 4264 nuiss
334 4202 434 4272 amp
452 4219 479 4274 a
493 4199 546 4256 sss
558 4215 602 4270 a.

111 4333 321 4474 Georgio
342 4361 695 4454 Buslslsolzsro,
716 4351 1109 4486 PraeposiloBer'olin.

112 4519 166 4608 S.
189 4527 236 4600 D.
288 4521 499 4596 Reverendo
516 4531 551 4588 et
566 4511 773 4586 charissime
787 4514 913 4582 irater:
946 4509 1110 4583 Certissi-

115 4655 217 4706 mum
239 4644 308 4711 est,
335 4651 353 4694 a
373 4626 471 4704 Deo,
505 4619 568 4714 qui
586 4618 749 4686 miranda
762 4617 935 4705 sapientia
955 4629 991 4686 et
1007 4613 1110 4684 boni-

115 4751 189 4809 tate
212 4751 322 4822 genus
347 4723 542 4796 humanum
562 4720 743 4802 condidit,
777 4717 900 4785 insitas
922 4739 997 4786 esse
1020 4729 1111 4785 stor-

119 4861 179 4931 gas
194 4857 275 4924 erga
290 4845 472 4918 cognatos:
499 4835 532 4894 et
547 4824 637 4890 velle
647 4843 747 4903 essm,
772 4829 813 4888 ut
824 4819 897 4886 sint
910 4833 1113 4886 commone-

117 4939 280 5013 laetriccs
313 4937 357 5001 de
389 4953 455 4999 suo
486 4946 606 5020 sarsore
631 4945 711 5012 erga
738 4921 853 4988 lilium
874 4933 909 4987 et
931 4939 1011 5008 erga
1036 4939 1113 4990 nos.

1148 1929 1203 2004 De
1217 1933 1388 2039 conuiciis
1404 1927 1498 2002 nihil
1515 1935 1753 2028 respondebo:
1788 1938 1848 2006 sed
1871 1958 1999 2030 sequar
2010 1936 2144 2010 Psalmi

1150 2059 1287 2106 vocem:
1328 2033 1389 2106 Illi
1422 2035 1701 2122 maledicebant,
1740 2059 1805 2128 epo
1836 2051 1953 2108 autem
1986 2043 2143 2116 orabam.

1150 2135 1233 2208 Scio
1257 2161 1333 2223 me,
1365 2135 1443 2208 Deo
1467 2137 1631 2226 iuvante,
1662 2163 1747 2210 vere
1771 2140 1934 2212 docuisse
1954 2153 1991 2213 et
2006 2143 2144 2225 docere,
2254 2147 2260 2170 ‘

1150 2253 1185 2310 et
1198 2239 1330 2310 iudicio
1344 2233 1523 2310 Ecclesiae
1539 2264 1598 2310 me
1611 2253 1647 2311 et
1659 2263 1735 2312 mea
1745 2261 1884 2335 semper
1893 2244 2046 2316 subieci:
2069 2247 2144 2338 lugi

1150 2341 1302 2412 absurda
1325 2357 1360 2412 et
1381 2335 1633 2436 hyperbolica,
1667 2365 1756 2436 quae
1773 2357 1862 2415 sunt
1876 2346 2071 2437 perniciosa
2088 2349 2145 2420 iu-

1150 2441 1334 2528 nioribus,
1373 2443 1511 2514 etiamsi
1543 2444 1582 2514 in
1611 2443 1718 2534 vulgo
1747 2445 1892 2544 plausus
1925 2449 2031 2524 cient.
2091 2447 2145 2522 Te

1150 2545 1257 2618 etiam
1294 2539 1485 2628 adhortor.
1532 2569 1578 2616 ne
1617 2559 1716 2638 petas
1754 2547 1894 2620 institui
1924 2551 2144 2646 colloquium

1151 2671 1231 2718 cuso
1248 2647 1449 2719 adversario
1470 2637 1611 2734 desub,
1646 2649 1786 2742 sedltuo
1811 2650 1889 2722 loco
1910 2651 2006 2722 dicas
2024 2678 2146 2724 neces-

1152 2749 1259 2820 saria:
1293 2765 1335 2822 ut
1358 2747 1509 2822 loannes
1531 2751 1711 2840 apostolus
1742 2775 1822 2822 cum
1844 2750 2016 2826 Cerintho
2038 2756 2146 2836 risaei

1152 2851 1282 2921 noluit.
1334 2851 1460 2924 Vincet
1475 2853 1620 2936 veritas,
1650 2855 1879 2949 quantumvis
1895 2879 2055 2948 premere
2070 2881 2146 2928 eam

1152 2954 1316 3024 maledici
1340 2969 1526 3028 conantur.
1587 2953 1694 3024 Mitto
1713 2956 1816 3024 vobis
1837 2960 1995 3050 exempla
2013 2936 2147 3030 oratio-

1153 3056 1211 3126 nis
1234 3057 1424 3146 proximae.
1483 3053 1581 3126 Bene
1604 3057 1693 3130 vale.
1744 3055 1841 3127 Deus
1862 3060 2046 3132 conlirmel
2063 3063 2150 3134 illu·

1154 3159 1326 3230 strissimo
1348 3157 1508 3248 Principi
1531 3173 1566 3228 et
1588 3159 1690 3227 vobis
1706 3160 1844 3230 animae
1865 3175 1900 3232 et
1915 3163 2075 3256 corporis
2092 3164 2148 3232 vi-

1155 3285 1222 3332 res.
1289 3259 1466 3330 Historica
1499 3259 1736 3328 recentissima
1765 3253 1852 3332 haec
1880 3255 2010 3336 babeo:
2050 3268 2148 3362 quod

1155 3360 1342 3433 Romanus
1358 3362 1516 3454 pontifex
1533 3363 1605 3452 regi
1624 3359 1765 3432 Gallico
1781 3358 1959 3452 Henrs'co,
1989 3367 2051 3462 qui
2068 3383 2151 3442 ante

1155 3487 1288 3555 paucos
1306 3464 1382 3532 dies
1395 3477 1558 3533 mortsms
1571 3477 1642 3548 cst,
1675 3465 1802 3534 tribuit
1818 3483 1898 3535 ante
1919 3483 2071 3540 mortem
2095 3471 2155 3544 iut

1156 3565 1353 3654 occupandi
1379 3565 1564 3652 Arsgliarn:
1603 3565 1687 3657 quia
1710 3567 1840 3634 armari
1864 3593 1945 3638 eum
1968 3572 2083 3642 voluit
2106 3573 2151 3642 etl

1157 3665 1328 3736 delendas
1352 3679 1386 3738 et
1404 3661 1570 3752 Anglicas
1588 3679 1622 3734 ct
1638 3677 1775 3736 nostras
1791 3661 1977 3742 Ecclesias.
2038 3673 2153 3744 eitius

1156 3765 1400 3944 ῗὲἑξτοῑοςειῑ
1417 3781 1451 3836 ct
1464 3767 1638 3855 gubernet
1651 3791 1728 3840 nos.
1774 3767 1833 3844 10.
1849 3769 2020 3862 Augusti,
2042 3771 2153 3846 aluno

1175 4238 1241 4311 No.
1260 4238 1373 4312 6799.

1165 4335 1381 4378 w..
1978 4251 2148 4376 eso,

1472 4439 1600 4562 Hier.
1630 4441 1854 4556 Besoldo.

1267 4599 1353 4676 spos.
1373 4599 1421 4658 sss.
1434 4602 1468 4658 v.
1487 4620 1515 4674 p.
1529 4601 1592 4659 sss.

1204 4757 1498 4856 Hieronymo
1521 4753 1749 4846 necatas,
1784 4754 1948 4856 (docenti
1969 4761 2121 4864 Evang.

1295 4896 1302 4910 ·
1515 4859 1808 4956 Norinbergee.)

121 5044 210 5112 Vult
227 5059 292 5107 nos
308 5034 409 5104 adfici
428 5027 606 5101 desiderio
629 5035 848 5094 nostrorum.
900 5016 985 5090 Ideo
1005 5021 1115 5114 pietas
1167 4997 1216 5084 S.
1241 5005 1287 5084 l).
1336 5007 1548 5085 Reverendc
1569 5011 1643 5093 vir,
1679 5027 1713 5084 et
1738 5007 1881 5086 chariss.
1903 5015 2023 5090 freter.
2078 5022 2158 5094 Deo

132 5232 358 5258 *qm

156 5349 186 5416 t>
203 5334 450 5400 vasionenses:
467 5331 627 5389 iidem
644 5327 718 5401 spat
735 5343 837 5400 qm„
869 5321 1052 5396 empne„
1069 5306 1117 5377 ς,

192 5412 291 5472 sesuits
315 5425 380 5468 nasa
405 5403 520 5462 rectiuss
546 5403 624 5472 opud
639 5401 725 5456 istum
743 5397 900 5452 bominem.

159 5503 188 5571 2)
207 5499 266 5554 lilia
290 5512 388 5550 menos
412 5485 570 5562 adscripsits
594 5487 636 5544 10.
656 5485 726 5558 hup.
745 5481 840 5556 1559„
870 5489 902 5536 nl
919 5479 1001 5536 etisnr
1017 5472 1119 5552 Spenls.

117 5568 120 5581 “
196 5567 292 5623 edidis.

125 5651 305 5716 ursam.
326 5643 432 5708 Ores.
459 5635 544 5706 Ver..
560 5629 633 5702 tx:

1168 5113 1297 5206 gratias
1317 5137 1402 5204 ago,
1435 5116 1533 5208 quod
1557 5113 1741 5208 Principes
1762 5109 1981 5200 Palatinos,
2015 5123 2078 5218 qui
2092 5121 2162 5195 Pa·

1208 5395 1234 5460 l)
1253 5389 1358 5463 Regin}
1373 5389 1568 5447 Bncbbollser.

1207 5479 1236 5544 η
1257 5475 1320 5528 vid.
1343 5491 1416 5558 quse
1430 5477 1474 5554 'de
1502 5473 1686 5548 disputetioes
1711 5479 1745 5534 als
1770 5479 1898 5552 Agricola
1920 5493 1993 5542 mota
2017 5485 2113 5547 scribit
2129 5489 2165 5544 si

1244 5543 1421 5599 Hattbesresn
1441 5547 1470 5602 d.
1492 5543 1534 5601 ¹8.
1555 5551 1623 5618 nep.

1491 5617 1541 5692 57
