4754 6184
123 332 201 416 sss
684 324 1130 410 netsnouannu
1179 289 1424 408 manni
1475 323 1607 406 sesa
2084 323 2169 402 ess

124 503 327 603 temporum
355 520 469 590 uret,
503 500 717 580 habeanhar.
773 497 862 578 Erat
887 501 1007 574 orium
1034 513 1121 572 tunc
1275 496 1457 570 Historiae
1466 491 1642 570 Ethnicae
1655 497 1767 591 magis
1783 513 1991 594 proponunt
2006 499 2166 592 exempla

125 613 198 684 illis
211 611 326 685 doctis
339 611 438 696 viris,
463 603 718 680 etboc‘tabore
733 608 1012 682 delectabantur.
1046 596 1120 675 Or·
1173 605 1347 672 seeundae
1373 597 1532 672 Tabulae
1553 598 1741 693 Decalogi,
1773 624 1928 696 qrsorusn
1949 605 2061 676 multa
2086 623 2167 694 per-

122 714 210 786 dius
234 713 407 805 igiturex
428 709 597 796 Ebracis,
628 707 774 783 Graecis
790 723 825 780 et
838 706 976 780 Latinis
992 727 1120 774 monu—
1172 703 1290 776 tinent
1313 707 1355 774 ad
1384 715 1629 794 praeceptum,
1655 701 1737 774 Non
1762 705 1921 791 occides,
1946 710 1993 778 ad
2009 707 2106 800 quod
2130 718 2167 776 st

123 816 256 894 mentis
278 810 511 891 Monarchias
538 825 742 896 recensent,
775 823 812 883 et
839 809 992 880 maxime
1013 806 1120 895 digna
1173 799 1261 878 baec
1278 806 1398 896 regula
1418 805 1586 898 pertinet:
1620 801 1754 878 Omnis
1772 807 1834 901 qui
1848 807 2006 898 gladium
2024 831 2168 899 accepe-

123 918 297 992 rnemoria
314 941 378 990 sun
402 918 483 988 loco
499 911 659 988 adbibita
679 928 882 1006 temporum
905 923 940 982 et
960 908 1120 998 gentium
1172 908 1243 992 rit,
1266 908 1431 980 videlicet
1446 931 1520 978 non
1535 909 1656 978 datum
1672 933 1691 978 a
1708 909 1863 998 legibus,
1886 909 2006 999 gladio
2023 909 2166 1002 peribit.

124 1020 356 1092 distinctione
381 1019 556 1091 inserunt.
612 1015 717 1108 Legis
738 1013 941 1086 avidissime
965 1012 1002 1082 id
1024 1007 1121 1082 Scri-
1173 1008 1291 1100 Quam
1315 1010 1421 1082 multi
1443 1008 1626 1103 Tyranni,
1651 1033 1756 1105 qnam
1778 1011 1911 1082 multae
1926 1007 2060 1084 Gentes
2081 1033 2167 1104 poo-

125 1135 229 1215 ptnm
248 1120 419 1212 Princeps
443 1120 667 1210 ingeniosus,
692 1138 801 1212 aeque
822 1114 947 1186 lameri
971 1111 1122 1196 dicebat,
1172 1114 1446 1194 nasdedernnt‚
1471 1112 1567 1184 iusta
1584 1107 1676 1184 banc
1691 1113 1876 1210 regulam?
1909 1111 2028 1186 Movit
2042 1111 2168 1186 Anni·

126 1225 304 1298 divinitus
327 1236 570 1296 conservatum
591 1242 666 1294 esse
692 1235 892 1310 temporum
915 1215 1060 1295 seriem,
1087 1226 1122 1284 ct
1173 1210 1243 1284 bot
1268 1240 1343 1286 non
1364 1214 1600 1286 necessarium
1621 1227 1655 1286 et
1681 1213 1854 1287 iniustum
1879 1215 2030 1291 bellum.
2087 1212 2167 1290 Eoi

126 1351 249 1398 rernm
285 1325 553 1417 praecipuarum
582 1321 801 1396 memoriam.
879 1315 1122 1390 Ostenderant
1173 1329 1291 1388 antem
1308 1318 1478 1411 utrinque
1491 1335 1639 1406 magnae
1652 1317 1769 1388 clades
1787 1331 1948 1420 acceptae
1964 1329 2049 1390 snut
2065 1314 2166 1412 (narn

125 1429 224 1500 enim
241 1428 274 1498 ei
289 1427 533 1498 continuatam
553 1447 626 1494 esse
641 1424 768 1495 mundi
790 1417 973 1492 historiam
990 1419 1059 1504 ita,
1082 1431 1123 1489 ut
1173 1419 1267 1492 bella
1284 1441 1489 1490 communes
1505 1443 1639 1511 poenae
1655 1433 1740 1492 sunt
1755 1421 1942 1514 utriunque
1957 1415 2097 1512 partis),
2111 1433 2166 1492 ta·

124 1529 333 1602 Herodotus
366 1523 510 1598 inchoet
540 1549 622 1598 suas
654 1524 876 1596 narrationes
908 1523 1015 1614 paulo
1040 1534 1122 1592 ante
1173 1545 1256 1592 rnen
1272 1520 1429 1594 Romani
1444 1521 1593 1592 vincunt
1614 1524 1770 1596 tandem.
1806 1520 2036 1594 Plenaesunt
2054 1517 2168 1594 histo-

124 1634 236 1704 fincm
252 1623 680 1722 Propheticaehistociae.
720 1626 811 1698 Nam
828 1640 863 1698 et
878 1639 1121 1715 auteregnnm
1174 1623 1246 1694 riae
1259 1624 1384 1694 talium
1403 1626 1656 1720 exemplorum.
1705 1620 1807 1696 Etin
1823 1620 1889 1696 hoe
1905 1647 2033 1715 genere
2054 1625 2168 1698 multa

122 1733 328 1818 Persicum,
360 1734 406 1804 de
435 1755 508 1826 quo
530 1730 751 1802 narrationes
776 1728 977 1800 luculentae
1003 1738 1123 1796 estant
1174 1740 1289 1798 errata
1315 1725 1493 1800 accidunt.
1550 1720 1694 1796 Brutus
1717 1739 1753 1798 et
1776 1717 1936 1798 Cassius
1965 1727 2169 1799 existimant

123 1835 168 1908 in
191 1833 359 1915 Daniele,
384 1830 500 1904 Esdra
523 1845 559 1906 et
579 1827 768 1915 Nebemia,
792 1829 932 1920 Regum
956 1825 1123 1922 Assyrio·
1174 1851 1210 1898 se
1225 1829 1352 1898 iustam
1369 1821 1501 1898 habere
1514 1853 1655 1900 causam
1670 1828 1907 1900 interficiendi
1922 1823 2032 1904 Iulii.
2066 1819 2169 1916 Piso,

125 1961 211 2010 rum
224 1951 257 2008 et
266 1933 521 2031 Aegyptiorum
536 1935 676 2028 aliquot
687 1933 837 2008 nomina
847 1943 931 2002 sunt
944 1934 1066 2002 eadem
1083 1929 1121 1998 in
1143 1943 1144 1947 ’
1174 1923 1335 2002 Marius
1350 1943 1384 2000 et
1400 1931 1506 2002 multi
1521 1932 1698 2024 sapienter
1711 1930 1932 2004 contrarium
1952 1931 2168 2006 iudicarant.

121 2033 317 2132 Prophetis
339 2052 376 2110 et
394 2036 595 2111 Herodoto.
649 2029 765 2130 Apryi
786 2033 959 2126 praedicit
974 2031 1120 2102 esitium
1173 2029 1293 2106 Etlex
1307 2031 1430 2102 divina
1447 2032 1582 2126 inquit:
1615 2031 1690 2122 Qui
1713 2031 1877 2126 potestati
1897 2033 2084 2117 resistunt,
2103 2031 2169 2104 in·

124 2137 317 2224 Ieremias,
333 2139 445 2233 ‘quod
467 2137 638 2210 describit
655 2135 872 2234 llegodotos.
929 2133 1121 2227 Postmasna
1174 2135 1295 2208 cident
1322 2129 1361 2202 in
1393 2157 1536 2224 poenas·
1585 2133 1740 2206 Monent
1770 2134 1880 2226 igitur
1908 2129 2095 2218 historias.
2127 2143 2169 2208 n't

122 2239 316 2313 Ieremiam
333 2235 670 2333 interfecithpryes,
695 2233 965 2330 posteaAmasis
978 2249 1120 2327 captum
1175 2251 1267 2308 recte
1289 2236 1485 2320 iudicetur,
1509 2238 1604 2328 quod
1630 2259 1710 2306 cnm
1730 2235 1768 2306 in
1792 2238 1899 2308 rebus
1920 2238 2082 2308 obscuris
2097 2236 2170 2308 dili·

122 2339 265 2430 Regem
280 2342 473 2434 superbum
490 2340 698 2430 manpslat.
747 2337 949 2430 Agnoscere
965 2338 1122 2410 etiamr
1174 2339 1266 2410 boile
1287 2338 1353 2426 sit,
1377 2337 1561 2428 diligentia
1580 2333 1870 2424 adhibendaest,
1895 2335 2063 2410 etsDeo
2080 2363 2169 2410 oon·

124 2441 299 2534 Princeps
316 2442 499 2518 Palatinus
515 2442 654 2514 dicebat
677 2442 879 2514 testimonis
902 2439 1122 2534 praesentiae
1174 2442 1296 2516 silium
1311 2442 1503 2532 petendum
1518 2453 1588 2520 est,
1620 2453 1656 2511 et
1670 2465 1744 2512 non
1760 2439 1956 2512 tremueris
1975 2440 2014 2510 in
2030 2463 2169 2532 magnas

123 2544 197 2620 Dei
227 2544 265 2612 in
296 2544 549 2618 constitutione
580 2539 895 2628 Monarchiarum,
925 2543 1010 2637 qnia
1037 2542 1123 2612 solis
1174 2547 1281 2618 rebus
1297 2566 1371 2614 non
1386 2555 1470 2612 sunt
1487 2544 1669 2620 tentanda.
2100 2571 2114 2604 .-

127 2643 299 2722 humanis
319 2646 458 2720 viribus
479 2645 648 2718 constitui
669 2659 705 2716 et
726 2646 871 2715 retineri
896 2665 972 2714 nasa
995 2657 1123 2734 potue·
1285 2645 1404 2718 Multa
1435 2645 1595 2736 exempla
1632 2644 1814 2738 pertinent
1844 2647 1890 2717 ad
1925 2659 2113 2740 pmeoeptu
2157 2699 2170 2732 ,

127 2751 215 2832 rint,
242 2762 278 2820 et
293 2771 334 2818 eo
350 2747 523 2820 divinitus
537 2745 751 2818 constitutas
762 2747 863 2832 sint„
876 2761 918 2817 nt
932 2761 1048 2818 meent
1060 2771 1123 2816 cm
1173 2747 1260 2820 Non
1276 2741 1537 2832 moechaberis,
1563 2747 1620 2816 cui
1644 2748 1700 2817 lex
1718 2747 1819 2818 addit
1836 2747 2168 2820 sonuimstonasa:

128 2853 249 2923 stodes
272 2847 448 2923 humanae
477 2849 672 2934 societatis,
704 2850 960 2938 coniungerent
992 2849 1123 2920 motus
1175 2846 1308 2922 Omnis
1332 2851 1470 2932 anima,
1505 2873 1595 2942 quae
1620 2850 1743 2921 lecerit
1773 2844 1837 2920 bas
1870 2851 2169 2932 abominationes.

129 2951 287 3032 Gentes,
322 2953 550 3022 restituerent
582 2950 695 3040 leges,
725 2951 877 3036 indicia,
907 2973 1048 3042 paneas,
1083 2964 1122 3022 ut
1175 2951 1425 3024 eradicabitur.
1459 2951 1574 3043 Saepe
1589 2951 1698 3040 igitur
1713 2965 1857 3044 propter
1871 2951 2066 3022 libidinum
2080 2977 2169 3023 cou-

128 3055 249 3130 doceri
266 3049 430 3124 bomine's
442 3055 488 3126 de
498 3049 581 3124 Deo
599 3065 751 3144 possent
811 3051 926 3145 Saepe
941 3053 1123 3142 igitnrre-
1173 3055 1332 3126 lusiones
1348 3068 1440 3124 totae
1452 3052 1589 3124 Gentes
1603 3054 1740 3124 deletae
1753 3067 1847 3140 sunt,
1873 3052 2043 3134 Sodoma,
2069 3049 2170 3124 Tha-

131 3158 269 3248 pctebat
284 3153 446 3226 Danielis
470 3157 593 3224 verba:
618 3151 717 3226 Deus
733 3153 882 3246 imperia
906 3156 1074 3226 transfert
1089 3165 1123 3226 et
1173 3160 1261 3242 bae,
1289 3155 1412 3230 Troia.
1472 3153 1605 3226 Contra
1631 3151 1806 3226 Davidem
1837 3151 2015 3228 lsorrenda
2041 3157 2170 3228 seditio

137 3259 274 3334 stabilit.
335 3255 377 3326 ln
401 3256 660 3328 mutationibus
680 3256 786 3327 etiam
810 3271 845 3328 et
866 3255 1121 3352 Tyrannocum
1174 3271 1271 3330 mota
1294 3271 1347 3330 e'st
1368 3283 1388 3330 a
1411 3257 1506 3340 filio,
1539 3258 1715 3329 trucidata
1745 3260 1858 3328 mults
1882 3259 2001 3328 millia
2024 3257 2170 3344 cisium,

131 3359 253 3453 poenis
277 3359 417 3430 dicebat
437 3357 594 3447 conspici
618 3358 791 3429 iudicium
813 3356 901 3444 Dei,
926 3373 962 3430 et
982 3357 1122 3428 moneri
1174 3362 1584 3432 contaminataesanctae
1599 3375 1792 3434 matronae.
1824 3357 1890 3432 Est
1901 3377 1937 3433 et
1949 3361 2038 3430 urbe
2051 3357 2169 3432 Roma

127 3475 243 3536 totum
272 3483 385 3551 genua
414 3454 611 3528 humanum
634 3459 835 3530 illustribus
863 3461 1051 3551 exemplis,
1081 3472 1123 3530 nt
1174 3466 1282 3554 stirps
1297 3461 1409 3550 Regia
1427 3463 1582 3555 expulsa.
1632 3458 1681 3533 Et
1696 3463 1733 3531 in
1750 3477 2035 3554 conspectnsnnt
2051 3485 2169 3532 erens,

125 3577 299 3656 agnoscat
308 3559 440 3646 Deum,
462 3559 551 3632 sciat
562 3559 748 3631 ordinasse
761 3584 841 3630 sum
859 3575 894 3632 et
911 3562 1001 3632 velle
1018 3562 1122 3645 insta,
1176 3567 1232 3658 pla
1266 3553 1504 3660 quotidianas
1540 3563 1725 3654 vagantur
1759 3587 1892 3653 poenas
1926 3587 1991 3654 per
2016 3561 2168 3652 Regnare,

125 3681 166 3740 et
185 3687 269 3736 rere
289 3663 394 3734 irasci
415 3661 633 3734 violantibus
654 3661 765 3752 ipsius
787 3662 963 3738 ordinem.
1015 3661 1123 3732 Tales
1174 3669 1384 3761 Principum
1400 3680 1436 3738 et
1452 3665 1671 3757 privatorum
1696 3665 1848 3736 familias
1866 3679 2011 3758 propter
2027 3665 2167 3738 adulte·

124 3780 232 3842 erant
247 3765 324 3838 eins
337 3763 515 3857 Principis
530 3775 711 3836 sermones
725 3763 980 3836 considerantis
996 3763 1123 3836 ordine
1174 3775 1228 3844 ria
1243 3787 1278 3842 et
1294 3773 1443 3840 incestas
1459 3766 1788 3840 contaminationes.

125 3869 367 3964 imperiorum
382 3866 599 3940 incrementa
612 3878 649 3936 tl
660 3865 794 3936 tulnae·
1265 3872 1382 3944 Multa
1399 3868 1557 3961 exempla
1571 3867 1752 3958 pertinent
1765 3867 1809 3938 ad
1826 3878 2062 3958 praeceptum,
2082 3863 2167 3938 Non

230 3968 312 4044 Εῑῡὶ
333 3962 451 4052 allelu
472 3991 614 4040 nme
629 3980 681 4040 ⁰⁸1
700 3967 904 4038 ῐῑὶῦἷῡῐῦῑῑῑ
919 3966 1024 4040 ἷῦὶίῐῠ
1038 3989 1124 4060 pm·-
1174 3979 1309 4048 lurtum
1330 3973 1455 4059 iacies,
1479 3970 1538 4042 cui
1553 3984 1740 4064 praecepto
1758 3968 1877 4040 addita
1894 3981 1948 4038 est
1969 3969 2166 4040 commina·

125 4071 217 4169 poni
237 4071 323 4147 titia
347 4071 576 4162 compendia,
610 4081 729 4140 tamen
751 4093 833 4142 cum
863 4070 997 4140 accedit
1017 4082 1123 4158 amas,
1174 4080 1242 4152 tio:
1270 4077 1345 4148 Vae
1360 4076 1423 4170 qui
1437 4074 1580 4165 spolias,
1602 4072 1686 4165 quia
1701 4068 1921 4164 spoliaberis.
1954 4059 2167 4167 Cresphon-

126 4175 271 4268 lessefflll
292 4187 377 4246 ⁸⁰⁰²
399 4173 534 4260 l⁰¹¹l⁸⁸s
564 4185 601 4244 02
619 4167 790 4244 hl⁸10¹l⁸0
813 4195 904 4268 ΨΜ
923 4185 1043 4244 θῐῑθῦῑ
1064 4193 1122 4242 ⁸⁸·
1175 4190 1227 4252 les
1242 4179 1459 4252 defraudatis
1474 4172 1646 4268 orphanis
1665 4175 1784 4246 fallaci
1805 4172 1964 4244 sortione
1980 4175 2166 4264 occuparit

127 4279 271 4374 plenler
307 4274 480 4367 mlum,
528 4277 793 4365 c⁰8¹¹⁰⁸c⁸¹¹d³0
830 4285 916 4346 mni
954 4273 1123 4366 instem,
1175 4283 1375 4356 Messenen.
1435 4277 1560 4350 Postea
1590 4277 1684 4347 cives
1712 4301 1792 4348 enm
1821 4275 2094 4360 interfecerunt,
2128 4289 2164 4350 et

130 4393 305 4476 quantum
325 4377 401 4448 lieri
418 4389 544 4468 potest.
594 4371 660 4448 Est
681 4377 831 4446 omnino
847 4377 1049 4449 excellentia
1065 4400 1122 4446 sa-
1174 4385 1330 4458 mmiunx
1364 4375 1516 4478 Μινορι
1547 4381 1671 4450 furens
1703 4379 1796 4449 lilios
1830 4375 2017 4450 interfecit.
2062 4373 2165 4448 llaec

127 4482 286 4578 pientiae
307 4493 339 4550 et
359 4479 584 4571 eloquentiae
603 4500 694 4569 opus
714 4473 898 4550 historiam
919 4493 1014 4550 recte
1035 4479 1123 4550 scri·
1173 4511 1287 4581 poena
1308 4485 1378 4557 fuit
1398 4485 1523 4556 bande
1546 4479 1707 4574 occupati
1732 4481 1794 4551 alii
1817 4475 1917 4570 regni
1933 4477 2089 4570 deceptis
2103 4503 2165 4549 m·-

126 4588 226 4660 bere.
277 4581 348 4654 Sed
372 4581 544 4672 sapientia
568 4593 620 4649 eat
641 4579 747 4650 etiam
777 4581 900 4651 lectori
927 4582 1121 4653 necessaria
1173 4587 1314 4684 phanis.
2158 4613 2162 4620 ·

125 4685 373 4768 oensiderare,
403 4704 494 4776 quae
514 4681 870 4754 commonefactiones
895 4705 936 4754 er
963 4679 1124 4757 historiis
1275 4688 1373 4761 Haec
1385 4712 1427 4760 so
1443 4687 1536 4772 dixi,
1559 4701 1600 4759 ut
1615 4683 1773 4774 exempla
1789 4682 1833 4750 ad
1849 4679 1989 4770 regulas
2005 4679 2165 4770 pruden-

128 4787 324 4864 aumeudae
338 4786 423 4866 sint,
442 4783 633 4876 dequibus
648 4777 733 4854 haec
748 4786 869 4873 regula
884 4787 1037 4856 tenenda
1053 4799 1120 4856 est:
1173 4809 1228 4866 rm·
1241 4791 1566 4874 accommodentur,
1593 4801 1626 4860 et
1643 4785 1835 4876 cogitemus
1849 4779 1978 4872 Legem
1992 4777 2060 4852 Dei
2075 4805 2165 4852 nor·

128 4891 188 4966 Sit
201 4889 295 4962 vitae
311 4911 436 4959 norma
453 4883 666 4975 Decalogus‚
693 4883 730 4954 ld
751 4899 822 4966 2⁸2,
846 4887 901 4956 10¹
918 4881 1005 4968 Dei,
1030 4887 1122 4958 sicut
1173 4919 1267 4966 mam
1280 4894 1374 4966 vitae
1389 4917 1463 4964 esse
1477 4903 1659 4984 oportere,
1681 4900 1716 4958 et
1731 4884 1889 4977 exempla
1906 4905 2101 4975 poenarum
2115 4885 2162 4955 ad

130 4991 387 5084 scriptumest,
413 4985 963 5079 lnpraeceptismeisembnlate.
993 4986 1137 5077 Postea=
1173 4997 1465 5068 comminationes
1481 4993 1623 5062 divinas
1636 5011 1840 5078 congruere.
1890 4979 1993 5056 Nihil
2010 4985 2163 5056 dubium

128 5091 300 5168 historia!
321 5089 473 5162 “flamm
501 5089 619 5180 letum
646 5088 803 5179 ²¹0ml³l³
827 5112 918 5174 Μ,
949 5115 990 5160 ⁸⁶
1015 5115 1122 5160 ¹⁰⁰⁰·-
1173 5115 1241 5186 est,
1271 5120 1402 5191 poenas
1425 5097 1465 5164 in
1491 5089 1559 5164 bac
1585 5093 1658 5162 vita
1683 5089 1823 5160 mortali
1846 5085 2008 5160 comitari
2029 5089 2163 5159 atrocia

130 5211 245 5274 strare
268 5213 400 5286 posen
422 5192 595 5262 atrocium
618 5190 810 5274 mter-om,
836 5205 871 5262 ec
892 5193 1121 5265 liberationes
1173 5203 1320 5288 aetion,
1344 5197 1481 5272 etiamsi
1505 5194 1714 5286 mitigamus
1736 5191 1799 5280 iis,
1824 5191 1886 5285 qui
1910 5185 2087 5262 aeneum
2104 5213 2161 5260 ee-

129 5301 322 5372 instnrnm.
362 5287 417 5364 Ac
433 5292 472 5362 in
484 5293 643 5386 utrisque
659 5316 735 5364 non
750 5305 889 5363 tantum
905 5311 1051 5368 eventus
1063 5298 1121 5366 in·
1172 5307 1296 5376 deuna,

129 5417 314 5482 tueamur,
338 5394 400 5468 sed
413 5389 482 5464 Dei
497 5393 731 5488 praesentiam
753 5395 963 5486 cogitemus,
988 5399 1121 5494 quisui
1274 5401 1413 5473 Deinde
1427 5410 1580 5491 quantus
1593 5417 1679 5467 usus
1700 5405 1752 5464 est
1765 5387 2026 5464 Chronicornm
2041 5405 2076 5463 et
2091 5389 2159 5462 lli-

128 5500 271 5576 ordinia
286 5510 403 5572 custos
419 5507 483 5570 est.
1173 5507 1303 5578 storias
1323 5504 1363 5574 in
1379 5498 1540 5572 doctrina
1558 5499 1692 5592 primae
1707 5493 2054 5586 tabulaeDecalogi?
2086 5493 2160 5566 Ns-
2235 5519 2241 5531 ¹

1459 5595 1570 5696 ssa¹
