4708 6190
219 329 295 412 sat
800 315 1237 400 urtsronanuu
1286 321 1528 407 stnxtn.
1580 321 1712 408 stas.
2202 336 2275 412 sn

236 505 305 580 No.
319 502 434 578 utut.
768 577 771 584 ,
1037 497 1210 624 Q
1277 499 1613 596 ligenterinquisite
1629 515 1691 576 eet.
1738 497 1786 576 Et
1804 517 1924 578 extant
1939 507 2183 580 confessiones
2202 535 2277 604 per-

229 603 444 644 ΨΝ
906 701 916 720 0
1278 607 1420 698 spicuae
1453 605 1711 677 consentientes
1745 630 1826 678 cum
1858 597 2015 680 Ecclesia
2043 607 2222 682 catholica
2248 629 2278 686 ct

357 814 362 834 .
461 704 556 794 Ἀ.
586 701 956 814 Hardettbt’t'gto.
1277 707 1449 804 symbolis
1466 720 1499 776 et
1516 707 1767 807 scriptoribus,
1800 711 1861 803 qui
1879 715 2124 806 apostolorum
2144 717 2276 788 doctri-

1278 836 1362 881 nam
1397 810 1642 900 incorruptam
1670 811 1907 888 retinuerunt.
1967 811 2131 887 Multum
2162 831 2278 890 tamen

1280 915 1442 1006 prodest,
1471 935 1590 982 coram
1611 912 1780 984 sciscitari
1797 903 1875 1006 pios
1896 929 1930 987 et
1953 921 2134 1002 eruditos,
2172 935 2209 989 et
2230 923 2280 990 vi-

401 1033 456 1111 D·
486 1029 678 1108 ,muro
705 1031 780 1106 Ha
791 1029 868 1104 ,de
878 1029 1051 1128 bergio,
1279 1039 1340 1086 vas
1356 1015 1481 1086 audire
1495 1025 1530 1084 et
1543 1016 1691 1084 reddere
1706 1041 1828 1102 voces,
1860 1018 1952 1088 sicut
1972 1034 2007 1089 et
2020 1020 2206 1092 Siracides
2230 1023 2282 1092 in·

1280 1119 1374 1212 quit:
1409 1111 1477 1189 ἐὰν
1500 1111 1584 1209 ἴδῃς
1606 1111 1733 1213 ἄνδρα
1754 1115 1910 1192 συνετὸν
1925 1117 2080 1218 tuente
2100 1119 2203 1218 πρὸς
2217 1122 2279 1196 αὐ-

1279 1216 1369 1310 τὸν,
1407 1214 1472 1292 καὶ
1502 1213 1684 1314 βαθμοὺς
1718 1219 1855 1317 θυρῶν
1883 1219 2003 1295 αὐτοῦ
2029 1221 2277 1320 ἐκτριβέτωὸ

1280 1328 1374 1404 ποῦς
1397 1343 1477 1396 σου.
1529 1319 1613 1391 ldeo
1629 1315 1689 1391 bic
1704 1317 1875 1394 honestus
1890 1337 1925 1396 et
1939 1327 2063 1396 doctus
2085 1327 2170 1413 vir,
2204 1327 2276 1399 Ma-

1281 1427 1388 1518 gister
1407 1418 1616 1493 Maternus
1641 1419 1796 1494 Evils'us
1825 1451 1899 1496 non
1923 1429 2048 1520 procul
2074 1429 2124 1498 ab
2154 1430 2275 1526 inclyte

1283 1531 1369 1600 urbe
1394 1524 1606 1597 Vratislavia
1639 1541 1745 1597 natus
1778 1526 1815 1596 in
1841 1529 1974 1622 oppido
1998 1527 2273 1604 Franckenstein

1283 1627 1374 1700 hanc
1408 1625 1593 1699 honestam
1626 1629 1948 1718 peregrinationem
1974 1633 2018 1701 ad
2041 1629 2223 1704 Ecclesiae
2244 1651 2271 1706 et

1284 1733 1493 1804 Academias
1514 1730 1564 1798 -iu
1601 1728 1794 1800 Germania
1829 1733 1994 1826 suscepit.
2062 1731 2267 1806 Adolescens

1284 1861 1363 1906 cum
1387 1829 1567 1930 inqschola
1586 1827 1859 1920 Vratislaviensi
1887 1829 2045 1924 linguam
2070 1837 2218 1908 latinam
2240 1853 2267 1910 et

1286 1963 1457 2007 summam
1478 1930 1691 2005 christianae
1713 1936 1895 2008 doetrinae
1917 1940 2012 2030 apud
2033 1939 2164 2008 virum
2179 1943 2263 2012 excel

1286 2042 1417 2111 lentem
1439 2039 1567 2130 pietate
1588 2047 1624 2105 et
1647 2036 1778 2108 virtute
1802 2038 1971 2120 disceret,
2006 2041 2121 2110 simul
2141 2059 2178 2114 et
2192 2069 2256 2113 rere·
2333 2059 2334 2084 ¹

1286 2145 1437 2216 rendum
1479 2141 1596 2210 virum
1638 2131 1850 2209 Iohannem
1883 2137 2044 2210 Hessum
2085 2138 2259 2236 theologiae
2333 2185 2334 2194 2

1286 2247 1467 2316 doctorem
1484 2240 1632 2312 audivit.
1676 2237 1815 2317 Deinde
1831 2233 1911 2313 cuin
1927 2245 1966 2312 in
1982 2240 2185 2318 Academia
2200 2249 2264 2318 Cra-

1287 2345 1445 2418 coviensi
1465 2356 1727 2438 praeceptorem
1754 2344 1818 2414 lilii
1846 2343 1942 2440 regis
1960 2337 2164 2420 Iohannis
2178 2351 2263 2420 inter·
2333 2369 2334 2446 t

1288 2462 1483 2542 pretantem
1511 2443 1707 2516 Homerum
1730 2447 1888 2529 audiret,
1927 2449 2068 2519 dedidit
2099 2475 2142 2522 se
2172 2454 2262 2524 studio

1287 2555 1429 2643 linguae
1450 2572 1603 2640 graecae.
1656 2545 1712 2616 lbi
1745 2561 1780 2619 et
1805 2546 2061 2622 mathematum
2086 2555 2190 2627 initia
2214 2557 2261 2624 ad-

1287 2655 1422 2740 iunxit,
1454 2666 1578 2722 nactus
1612 2649 1782 2720 idoneum
1816 2655 1997 2722 doctorem
2031 2647 2261 2728 Proboscium.

1290 2757 1375 2828 lude
1399 2777 1558 2825 reversus
1583 2751 1830 2823 Vratislaviam
1859 2757 2029 2826 sexennio
2060 2761 2188 2852 collega
2205 2761 2260 2831 luit

1297 2853 1501 2930 Winlleri.
1553 2853 1671 2925 Habet
1692 2855 1802 2944 igitur
1818 2880 1892 2926 non
1913 2859 2109 2931 obscurum
2127 2865 2256 2934 testimo-

1289 2962 1390 3033 nium
1407 2959 1618 3048 integritatis
1634 2958 1729 3050 quod
1752 2958 1789 3025 in
1807 2959 2068 3048 gubernatione
2090 2965 2248 3034 iuventutis

1290 3081 1361 3135 tam
1388 3065 1509 3133 diuet
1534 3071 1674 3130 senatus
1696 3073 1730 3129 et
1756 3057 1945 3132 Winlcleri
1970 3064 2097 3134 iudicio
2118 3077 2241 3133 retentus

1291 3181 1351 3235 est.
1403 3165 1526 3234 Postea
1544 3163 1606 3232 diu
1629 3161 1666 3229 in
1690 3154 1746 3228 his
1761 3163 1886 3234 vicinis
1900 3169 2110 3252 academiis,
2133 3163 2252 3256 lipsira

1292 3283 1326 3339 at
1342 3281 1479 3350 nostra,
1512 3275 1749 3336 commoratus
1764 3279 1834 3347 est,
1868 3279 1902 3337 et
1917 3270 2055 3356 optima
2072 3269 2255 3342 doctrinase

1292 3369 1467 3442 instruxit.
1520 3363 1689 3437 Ostendit
1706 3378 1739 3434 et
1758 3369 2015 3440 consessionem
2037 3396 2141 3442 suam
2156 3373 2193 3440 de
2205 3365 2263 3438 Ec-

752 3455 942 3556 Phlllppus
964 3453 1192 3534 Meltnlhffl·
1293 3474 1416 3543 clesiae
1430 3469 1696 3552 controversiis,
1730 3469 1812 3560 quia
1831 3495 1931 3561 saepe
1946 3475 2044 3564 apud
2062 3499 2134 3546 nos
2150 3472 2264 3568 publice

1292 3576 1524 3646 concionatus
1546 3585 1614 3658 est,
1646 3571 1832 3663 inquisivit
1862 3588 1977 3645 vetera
2005 3580 2216 3658 certamina,
2242 3587 2267 3644 et

185 849 192 858 -
296 880 369 955 Epp.
389 879 423 935 ed
442 877 629 949 Hardenberg.
649 897 691 949 ep.
705 877 748 932 80.

230 1175 278 1263 S.
300 1187 344 1258 D.
395 1185 606 1258 Reverendo
624 1185 680 1254 vir
698 1197 733 1254 et
750 1182 928 1252 carissime
954 1181 1073 1250 frater.
1125 1173 1228 1246 Hanc

233 1290 416 1386 epistolam
440 1313 523 1360 cum
545 1288 735 1358 scriberem
760 1283 892 1357 diets.
910 1281 1021 1366 Maii,
1059 1305 1130 1374 quo
1147 1293 1228 1350 ante

231 1404 495 1464 annoscentum
511 1406 613 1463 etsex
623 1383 1118 1478 ConstantinopolisaTurcis
1130 1394 1229 1472 capta

232 1511 304 1582 est,
332 1495 444 1565 multa
459 1493 609 1585 cogitavi
629 1493 672 1562 de
689 1491 872 1560 furoribus
888 1485 1095 1557 docentium
1111 1499 1145 1554 et
1164 1506 1231 1574 gu-

232 1603 481 1682 bernatorum,
508 1595 571 1690 qui
588 1595 723 1664 similes
737 1614 870 1683 poenas
884 1583 1069 1660 attrahunt
1079 1585 1229 1656 Germa-

234 1701 326 1769 niae.
379 1697 508 1768 Precor
523 1711 642 1766 autern
659 1695 772 1764 filium
790 1693 882 1772 Dei,
917 1705 957 1761 ut
973 1704 1117 1782 propter
1131 1711 1230 1758 suam

234 1804 384 1894 gloriam
404 1813 518 1870 servet
534 1800 629 1868 inter
645 1819 711 1867 nos
729 1793 905 1866 Ecclesiae
923 1792 1101 1885 reliquias.
1155 1787 1233 1859 Ad-

235 1903 307 1974 huc
335 1917 419 1972 scrut
452 1901 602 1994 captivi,
641 1897 769 1969 Pastor
800 1893 978 1966 Ecclesiae
1005 1888 1172 1962 lenensis
1198 1904 1233 1962 et

239 2001 479 2086 Victorinus,
506 2005 579 2074 duo
594 1999 842 2070 modestissimi
858 1998 938 2072 viri.
988 1993 1114 2066 Pastor
1127 1994 1232 2064 etiam

238 2133 344 2180 senex
368 2121 430 2180 est.
487 2101 576 2176 Edit
602 2105 672 2172 iam
699 2097 892 2171 Sarcsrr'ns
920 2097 1233 2169 condemnationes

239 2211 373 2281 similes
389 2207 553 2298 Gorgoni
569 2203 827 2276 Wimariensi:
859 2199 937 2292 Ego
955 2223 1160 2294 quanquam
1179 2221 1233 2267 se·

240 2337 329 2398 nex,
361 2325 481 2381 tamen
504 2309 649 2380 exilium
671 2321 706 2376 et
729 2319 813 2398 opto
836 2318 870 2375 et
891 2315 1045 2395 expecto.
1096 2298 1234 2370 luterea

240 2420 326 2487 dum
343 2409 402 2484 hic
419 2435 514 2498 sum,
545 2412 625 2483 Deo
641 2411 801 2492 iuvante,
833 2404 1117 2477 adolescentibus
1132 2403 1235 2472 utilia

239 2518 399 2597 tradam,
444 2528 478 2584 et
510 2537 588 2583 eam
621 2510 921 2594 moderationem,
963 2532 1031 2602 qua
1065 2501 1236 2576 hactenus

238 2643 325 2692 usus
352 2641 450 2702 sum,
484 2615 600 2686 excuti
628 2608 720 2682 mihi
750 2635 826 2682 non
855 2611 981 2684 sinam.
1037 2605 1146 2678 Mitto
1169 2605 1236 2678 tibi

239 2721 412 2816 pagellas,
446 2741 537 2812 quac
561 2717 754 2806 ostendunt
781 2737 856 2784 non
882 2712 998 2782 solum
1023 2705 1236 2780 Academiae

241 2824 377 2908 studia,
403 2823 462 2891 sed
479 2821 584 2892 etiam
596 2810 693 2888 meos
708 2818 859 2890 dolores.
894 2809 959 2884 Est
974 2807 1033 2882 hic
1048 2811 1234 2881 nobiscum

242 2925 453 3016 Hungarus,
483 2923 546 3016 qui
569 2921 726 2994 triennio
749 2920 818 2990 tun
832 2917 1014 2989 Diaconos
1030 2911 1239 2984 Constanti-

242 3028 385 3121 nopoli,
414 3025 576 3095 acmulta
595 3026 639 3093 de
652 3019 821 3092 Ecclesiis
836 3021 875 3089 in
892 3013 976 3088 Asia
996 3029 1128 3086 namet.
1168 3014 1238 3085 Le-

243 3145 377 3224 guntur
399 3128 452 3198 ibi
477 3149 619 3222 quoque
642 3127 771 3215 scripta
787 3137 992 3192 nostrorum
1014 3139 1180 3187 conversa
1199 3118 1237 3186 in

242 3255 405 3325 graecum
442 3251 652 3300 sermonem.
711 3225 808 3295 Deus
839 3224 911 3296 illis
944 3234 980 3291 et
1006 3219 1109 3290 nobis
1135 3243 1239 3311 opem

241 3339 345 3410 terat.
396 3331 496 3406 Bene
512 3332 589 3402 vale
601 3328 780 3400 carissime
797 3327 918 3400 frater.

1294 3673 1461 3748 abhorret
1484 3703 1502 3744 a
1524 3673 1686 3744 fanaticis
1706 3687 1739 3740 et
1765 3675 1940 3744 seditiosis
1964 3679 2219 3770 opinionibus,
2245 3689 2269 3746 et

258 3840 315 3912 No
343 3833 445 3910 6765
1072 3829 1232 3902 291Μῶ
1294 3781 1549 3849 contessionem
1584 3775 1762 3847 Ecclesiae
1794 3791 1936 3848 nostrae
1966 3780 2024 3872 pie
2051 3783 2266 3877 amplectitur.

255 3939 262 3956 ,
317 3893 344 3963 ·,,
377 3939 401 3964 ,
447 3888 457 3911 ·
663 3903 666 3909 ²
730 3940 733 3942 .
1061 3879 1242 3954 *abs-⁸
1294 3879 1347 3952 Ac
1372 3905 1488 3951 mores
1512 3883 1549 3949 in
1571 3905 1612 3949 eo
1634 3879 1844 3950 noneolum
1868 3895 2014 3952 naturae
2028 3887 2269 3962 moderatione

386 4035 718 4124 Testimonium
747 4027 901 4114 Eva-lio
935 4029 1094 4118 datum
1295 4007 1400 4076 quam
1423 3979 1528 4055 habet
1550 3983 1731 4064 eximiam,
1764 3983 1822 4050 sed
1849 3985 1951 4052 etiarn
1979 3987 2102 4058 atilio
2129 3987 2198 4060 Dei
2217 3989 2272 4056 lucr

1096 4087 1107 4110 ⁸
1295 4085 1479 4178 Evangelii
1494 4099 1526 4158 et
1542 4084 1579 4156 S.
1594 4083 1632 4157 S.
1647 4085 1900 4173 gubernantur.
1927 4147 1932 4154 .
1955 4083 2057 4156 Talis
2070 4113 2164 4162 cum
2179 4092 2235 4170 sit,
2252 4099 2275 4156 tt

315 4207 337 4270 ‘r
356 4202 391 4256 Ε*
405 4219 499 4274 apogr.
513 4200 541 4254 5¹¹
553 4196 617 4254 ωδ·
632 4193 721 4249 Μ’·
733 4189 768 4246 D·
780 4191 813 4249 ¹⁴·
828 4191 891 4245 ⁵⁴⁴·
1296 4186 1422 4260 habeat
1439 4185 1623 4258 honestam
1646 4185 1938 4277 peregrinationis
1961 4211 2132 4280 causam,
2166 4195 2276 4262 iustum

1297 4307 1367 4378 est,
1399 4316 1478 4360 eum
1497 4291 1534 4357 in
1550 4289 1677 4358 itinere
1693 4302 1814 4357 contra
1835 4287 1985 4358 iniurias
2000 4293 2168 4370 delendi.
2216 4289 2276 4364 Oro

1197 4395 1202 4412 '
1296 4409 1411 4464 antem
1428 4393 1523 4459 viros
1540 4393 1679 4472 doctos,
1711 4397 1753 4459 'ut
1769 4406 1848 4460 eum
1866 4391 1904 4459 in
1920 4393 2150 4486 colloquium
2168 4395 2277 4467 admit·

252 4499 301 4590 S.
320 4511 367 4582 D.
424 4509 579 4580 Basilius
602 4503 845 4578 Caesareensis
875 4503 1016 4587 scribit,
1055 4525 1092 4570 se
1117 4501 1244 4570 adiisse
1297 4509 1391 4573 tant,
1424 4497 1619 4586 quodcum
1642 4493 1770 4562 sacient
1793 4495 2282 4576 ssondssbiws'familisrits·

252 4615 457 4711 praecipuas
482 4609 675 4687 Ecclesias,
717 4603 1014 4688 Alexandrinam,
1048 4598 1244 4674 Antioche·
1296 4613 1364 4667 tem
1384 4597 1494 4687 ipsius
1511 4597 1702 4666 iucundam
1721 4596 1770 4663 eis
1788 4595 1864 4664 sore
1879 4609 2025 4687 propter
2041 4603 2284 4680 eruditionem,

254 4725 355 4802 nam,
379 4710 812 4802 constantinopolitanam
827 4723 860 4776 et
876 4709 1004 4776 multas
1023 4705 1060 4774 in
1079 4705 1181 4790 Asia,
1204 4717 1246 4774 ut
1297 4699 1422 4770 iudicii
1440 4697 1699 4782 rectitudinem,
1721 4699 1910 4766 candorem
1929 4711 1962 4767 et
1977 4704 2197 4774 modestiam
2214 4705 2285 4770 eins

252 4835 370 4892 vetera
386 4817 590 4889 testimonia
613 4815 656 4883 de
669 4811 829 4882 doctrina
843 4809 1056 4904 inquireret,
1088 4823 1123 4878 et
1148 4807 1242 4876 albr-
1298 4802 1528 4893 Quidautem
1546 4801 1686 4870 dulcius
1702 4813 1754 4868 est
1773 4801 1875 4868 bonis
1898 4802 2079 4872 mentibus
2105 4777 2287 4876 collatione

255 4938 342 5006 mat,
375 4946 411 4989 se
430 4921 474 4988 de
492 4915 638 4986 summis
656 4911 906 4984 controversiis
924 4913 967 4978 de
992 4909 1064 4978 tilio
1082 4909 1167 4994 Dei,
1201 4911 1245 4976 de
1298 4905 1531 4987 iudiciorum,
1564 4902 1602 4970 in
1618 4901 2219 4994 quaveritassineironiisetsine
2241 4931 2288 4974 so-

254 5024 391 5116 Spiritu
408 5035 530 5092 sancto
549 5034 582 5088 et
599 5021 642 5087 de
657 5017 823 5086 omnibus
839 5013 992 5106 symboli
1011 5011 1137 5082 Niceni
1159 5010 1246 5080 arti·
1297 5004 1445 5099 phistica
1468 5005 1621 5074 fideliter
1646 5019 1678 5072 et
1703 5005 1853 5074 candide
1878 5007 2082 5096 quaeritur,
2120 5027 2164 5082 ut
2187 5010 2288 5102 gloria

253 5128 342 5202 culis
357 5124 531 5194 invenisse
549 5133 684 5190 vetusta
706 5116 927 5196 testimonia,
961 5115 1091 5207 quibus
1116 5113 1245 5182 confrr-
1296 5110 1364 5181 Dei
1380 5107 1599 5180 illustretur?
1650 5104 1780 5176 Precor
1795 5121 1911 5176 autem
1927 5108 2041 5178 lilium
2061 5109 2155 5197 Dei,
2183 5111 2289 5182 domi·

252 5245 369 5300 matus
391 5228 446 5299 sit.
505 5222 642 5293 Habuit
661 5233 696 5289 et
713 5217 905 5287 Germania
928 5218 1109 5308 quondam
1129 5227 1245 5284 vetera
1298 5237 1384 5282 num
1413 5223 1573 5280 nostrum
1608 5206 1722 5278 lesum
1747 5204 1950 5292 Christum,
1989 5212 2205 5286 crucifixum
2234 5235 2287 5302 pro

253 5341 504 5418 monumenta,
538 5327 599 5394 sed
614 5336 802 5413 postquam
821 5321 857 5388 in
874 5319 1029 5408 collegiis
1046 5315 1246 5388 Canonico-
1299 5314 1403 5384 nobis
1421 5325 1453 5380 et
1470 5311 1733 5389 resuscitatum,
1768 5335 1850 5378 vere
1868 5312 2094 5401 colligentem
2114 5329 2286 5384 aeternam

254 5457 333 5505 rum
350 5444 540 5516 regnarunt
555 5423 744 5503 Centauri,
770 5423 897 5490 omissa
916 5435 1010 5490 sunt.
1059 5417 1164 5490 Nunc
1179 5416 1246 5486 Dei
1300 5414 1493 5486 Ecclesiam
1508 5437 1594 5483 voce
1609 5407 1815 5501 Evangelii,
1842 5436 1882 5484 ac
1898 5415 1994 5484 dona
2007 5417 2162 5487 dantem
2179 5413 2287 5488 bomi-

254 5537 422 5609 beneficio
439 5535 476 5603 in
492 5527 658 5602 Ecclesiis
673 5525 876 5596 instauratis
895 5535 994 5595 vetus
1013 5522 1174 5594 doctrina
1191 5521 1246 5590 di·
1299 5519 1425 5603 nibus,
1463 5532 1506 5590 ut
1532 5511 1629 5589 hunc
1652 5506 1871 5586 Maternum
1897 5539 2035 5610 semper
2060 5521 2288 5610 gubernaret

454 4351 641 4429 Omnibus
658 4347 806 4422 lecturis
821 4342 894 4419 Ans
910 4345 1039 4420 literas
