4708 6190
1116 1657 1359 1750 1559.

218 2018 417 2190 wi·
606 2141 609 2154 .
1098 2046 1209 2118 nm,
1263 2038 1455 2114 Nosses.
2140 2063 2177 2122 1·
2200 2048 2257 2125 Im
2347 2023 2348 2032 r

1111 2135 1441 2178 “W
2128 2145 2256 2173 Μ

476 2239 608 2329 Conr.
635 2228 951 2318 Heresbaelrio.
1287 2277 1288 2280 κ
1524 2206 1581 2296 11.
1605 2205 1995 2323 Baumgurtrrero.

170 2497 179 2506 „
287 2415 370 2488 spus
390 2409 485 2468 unu.
503 2407 602 2482 paco.
620 2403 674 2475 (es.
691 2400 779 2457 sons.
797 2399 892 2459 unu.
910 2398 1049 2472 eausa.
1193 2447 1197 2453 ,
1332 2367 1576 2512 Epftpglfdlr·
1590 2370 1696 2444 ²⁴¹⁸s·
1730 2369 2049 2450 meeuuugnpsou
2063 2377 2131 2436 eod·
2151 2378 2253 2436 Mon-t.

378 2576 427 2649 D.
454 2557 671 2642 Conrado
696 2551 1048 2632 Heresbacclcio
1262 2581 1548 2681 Hieronymo
1577 2577 1941 2680 Bomgartnm,
1987 2582 2177 2660 Straton·
2203 2589 2248 2660 in.
2347 2539 2348 2544 ,

220 2712 268 2805 S.
284 2719 330 2795 D.
354 2719 557 2794 Clarissima
571 2715 670 2786 viret
684 2706 891 2783 citarissime
907 2685 1027 2796 irater,
1045 2705 1212 2782 Delector
1506 2681 1626 2780 ⁶17¹st
1647 2685 1750 2757 urbis
1769 2681 2013 2784 Noribergae.

221 2827 333 2901 veteri
349 2846 466 2905 versu,
491 2843 595 2916 quem
612 2816 713 2887 aiunt
732 2836 804 2884 esse
820 2806 1029 2910 Sophoclis,
1053 2811 1117 2884 etsi
1136 2835 1210 2882 non
1264 2803 1314 2894 S.
1338 2815 1384 2894 D,
1420 2815 1566 2892 Clariss.
1579 2820 1635 2889 vir
1648 2833 1683 2892 et
1697 2817 1851 2912 Patrone
1866 2823 1983 2892 cariss.
2017 2820 2106 2896 Scio
2124 2839 2241 2921 tequa-

221 2929 335 3004 estin
358 2923 415 2997 his
438 2919 649 3014 Tragoediis
676 2940 766 3011 quae
792 2916 953 3038 'reliquae
981 2928 1080 2986 sunt:
1109 2909 1212 2987 ἅπαν
1264 2945 1334 3015 que
1366 2944 1468 3012 saepe
1495 2922 1648 3012 cogitare
1674 2921 1811 2994 dictum
1836 2925 1882 2994 de
1906 2919 2105 3016 orphanis3
2139 2928 2242 2998 multis

221 3029 265 3108 τὸ
283 3023 449 3127 χρηστὸν
467 3021 537 3118 τὴν
554 3023 640 3115 ἴσην
659 3019 730 3112 ἔχει
748 3037 877 3114 φυσιν.
926 3013 1069 3106 Effigies
1087 3031 1138 3087 cst
1153 3012 1213 3086 hic
1265 3025 1360 3092 enim
1384 3022 1579 3114 opitulatur
1600 3035 1717 3094 vestra
1736 3023 1876 3110 civitas,
1907 3027 2053 3118 publice
2080 3044 2114 3100 et
2131 3030 2230 3120 prisa-

220 3157 344 3206 rersus
358 3128 470 3202 animi
484 3127 536 3197 tui
555 3139 589 3194 et
611 3143 751 3192 morum
772 3133 928 3189 tuorum.
980 3117 1031 3190 Ut
1054 3118 1149 3186 enim
1173 3117 1212 3186 in
1264 3125 1350 3196 tim:
1382 3119 1494 3222 pirou
1516 3115 1674 3220 ὀρφάνφ
1702 3119 1754 3208 ὥς
1773 3123 1895 3221 πατὴρ
1925 3123 1990 3200 καὶ
2012 3125 2081 3224 ἴση
2104 3125 2147 3212 ὡς
2164 3123 2233 3210 υἱὸς

223 3235 368 3310 caeteris
397 3228 592 3300 virtutibus
622 3219 856 3292 constantiam
889 3231 1063 3312 praestas:
1096 3218 1145 3289 ita
1174 3219 1214 3288 in
1264 3219 1430 3321 ὑψίστου
1438 3273 1451 3316 ,
1482 3219 1546 3298 καὶ
1567 3219 1749 3325 ἀγαπήσει
1770 3250 1811 3300 os
1831 3225 2017 3324 μᾶλλονῆ
2038 3203 2241 3326 ρήτηροου.

223 3337 398 3419 amicitia,
431 3354 511 3402 cum
541 3326 686 3422 quidem
708 3322 749 3391 in
771 3317 839 3391 hac
858 3335 1060 3412 temporum
1089 3319 1216 3391 conlu—
1266 3325 1364 3416 Quid
1388 3339 1504 3420 potest
1521 3328 1681 3419 promitti
1694 3330 1809 3400 maius
1827 3355 1948 3402 amore
1960 3329 2030 3408 Dei
2050 3346 2171 3422 tanto,
2195 3335 2248 3429 qui

162 3471 164 3476 ,
224 3442 324 3512 sione
341 3435 444 3507 multi
464 3435 665 3511 mutentur,
693 3445 775 3512 erga
795 3435 930 3492 veteres
951 3421 1102 3507 amicos,
1125 3445 1216 3516 qnos
1266 3428 1386 3500 vincat
1403 3425 1565 3528 στοργήν
1582 3443 1795 3516 maternam,
1818 3457 1907 3526 quae
1923 3435 2251 3508 estardentissimal

223 3540 357 3612 iudicio
376 3535 578 3627 complenti
593 3551 645 3614 0⁸2
669 3524 914 3598 mneside&
965 3518 1015 3595 Εἰ
1030 3545 1133 3616 *Ρθΐθ
1147 3547 1215 3608 ¹19³
1265 3527 1440 3602 Existimo
1456 3533 1563 3602 etiarn
1579 3533 1715 3604 civitati
1730 3545 1864 3606 vestrae
1881 3548 1917 3606 et
1933 3535 2057 3606 multis
2072 3540 2145 3628 piis
2159 3541 2254 3611 lami-

225 3639 422 3726 incoelesti
444 3629 701 3708 consuetudine
716 3626 919 3699 dulcissime
943 3638 978 3697 et
993 3621 1132 3698 assidu'e
1149 3627 1217 3696 ali·
1267 3633 1347 3718 liis,
1372 3633 1486 3702 lenire
1501 3617 1629 3705 multas
1649 3657 1855 3718 aerumnas,
1880 3636 1965 3730 quia
1981 3631 2160 3730 orphanis
2175 3645 2257 3714 hene

225 3758 360 3842 quanto
384 3752 483 3834 post,
506 3759 581 3806 non
602 3729 803 3822 deRegum
821 3741 855 3799 et
869 3723 1136 3818 Theologorom
1158 3729 1218 3799 fu·
1266 3735 1392 3810 facitis.
1444 3729 1524 3805 Oro
1548 3735 1723 3826 igiturne
1748 3731 1832 3808 huic
1855 3730 1964 3808 Petro
1983 3733 2135 3834 Alpheo
2161 3745 2260 3833 desis,

225 3847 388 3942 roribus,
414 3843 475 3914 sed
499 3843 542 3908 de
560 3834 720 3906 doctrina
745 3831 983 3902 collocuturos
997 3853 1091 3916 esse,
1116 3829 1217 3902 cuius
1268 3837 1369 3908 cuius
1392 3859 1506 3928 mores
1529 3851 1612 3909 sunt
1636 3838 1687 3930 pii
1708 3851 1743 3910 et
1764 3840 1926 3914 modesti.
1977 3839 2032 3912 De
2056 3843 2210 3938 ingenio
2232 3861 2263 3918 er

227 3944 453 4018 elementain
470 3938 536 4011 hac
552 3939 625 4010 vita
640 3935 845 4006 didicimus.
897 3929 1229 4002 Teautemorout,
1269 3939 1396 4008 studiis
1421 3938 1578 4010 iudicare
1602 3953 1701 4032 potes
1723 3964 1764 4010 er
1792 3941 1903 4033 ipsius
1926 3946 2096 4022 carmine.
2152 3949 2262 4043 Spero

229 4071 331 4139 saepe
346 4049 390 4116 ad
405 4067 471 4115 nos
485 4042 629 4112 scribas.
669 4033 713 4106 lu
726 4031 1062 4122 hisregionibusad
1079 4027 1219 4119 Albim,
1269 4063 1350 4111 eum
1373 4040 1454 4110 usui
1479 4039 1555 4110 sore
1576 4037 1753 4112 Ecclesiae
1775 4039 1854 4120 Dei.
1905 4043 2026 4134 Quare
2047 4061 2089 4117 ut
2112 4051 2197 4122 eius
2213 4055 2266 4122 iu-

228 4147 511 4232 Dei'lreneficio‚
536 4136 653 4211 adhuc
672 4135 912 4229 tranquillitas
934 4149 1003 4220 est,
1029 4147 1064 4205 et
1085 4136 1220 4206 doctri·
1270 4141 1413 4233 genium
1444 4141 1612 4226 foveatis,
1652 4145 1857 4234 praesertim
1884 4169 1964 4216 cum
1993 4149 2040 4218 sit
2065 4147 2255 4242 orphanus

229 4275 359 4324 narum
372 4249 489 4320 studia
500 4256 583 4314 sunt
594 4239 799 4310 mediocria.
832 4233 1034 4308 Consensus
1049 4251 1099 4307 est
1114 4237 1220 4306 etiam
1270 4243 1374 4314 valde
1392 4249 1545 4312 vosoro.
1595 4241 1799 4334 Cogitemus
1813 4269 1883 4318 nos
1900 4272 2025 4320 omnes
2041 4274 2116 4322 esse
2131 4206 2266 4346 orpha:

231 4353 516 4432 Academiarum,
541 4341 680 4416 tametsi
696 4335 741 4410 a'd
758 4333 893 4410 Salam
909 4333 1084 4446 βλακικαὶ
1098 4333 1221 4412 torto-
1270 4367 1337 4415 nos
1359 4357 1394 4414 et
1415 4355 1554 4414 tautum
1576 4345 1719 4416 delendi
1741 4372 1760 4417 a
1779 4347 1875 4434 Deo,
1899 4374 2005 4444 quem
2028 4365 2105 4424 toto
2121 4372 2265 4448 pectore

232 4451 309 4550 ρίαι
326 4453 430 4525 nobis
445 4449 610 4520 molestae
626 4455 721 4515 sunt.
758 4439 828 4512 Sed
844 4439 896 4509 ibi
911 4440 1017 4512 etiam
1033 4442 1220 4512 doctorum
1271 4469 1358 4531 oro,
1383 4456 1480 4516 utet
1506 4457 1539 4514 te
1564 4458 1599 4516 et
1623 4443 1820 4522 Ecclesiam
1842 4464 1994 4522 vestram
2021 4456 2209 4546 publicam
2236 4477 2266 4532 et

233 4571 269 4628 et
289 4559 467 4628 bonorum
484 4551 645 4620 virorum
667 4543 817 4634 gemitus
837 4542 1041 4634 improbant
1057 4541 1136 4612 illas
1155 4561 1222 4615 ov·
1272 4559 1368 4618 tuam
1385 4545 1612 4618 domesticam
1634 4564 1807 4644 protegat.
1858 4549 1955 4627 Beue
1971 4556 2058 4630 vale.
2111 4557 2182 4632 Cal
2216 4563 2267 4634 la-

231 4652 450 4754 κοφαντίας.
502 4642 741 4742 DeAuglicis
763 4645 887 4729 rebus,
912 4657 1099 4739 quaesout
1117 4643 1222 4714 nobis
1272 4648 1403 4720 nuarii.
1432 4643 1542 4718 1559.
2184 4609 2195 4632 ⁸

234 4759 376 4832 scribas.
427 4755 586 4829 Salutem
602 4750 669 4822 tibi
682 4760 807 4840 optant
820 4737 1061 4817 Camerarius
1076 4757 1110 4815 et
1126 4739 1223 4816 Peu—
1780 4731 1969 4852 philippus
1987 4757 2221 4842 Melanthum

235 4884 347 4936 cerus.
396 4857 493 4930 Haec
506 4879 586 4926 cum
607 4852 858 4932 scriberemus,
884 4848 1004 4918 literas
1024 4871 1066 4917 ex
1081 4841 1222 4917 Silesia

143 4969 147 4978 ’
235 4982 497 5053 acceperamus,
530 4977 620 5050 quae
640 4964 788 5024 narrant
806 4943 1223 5040 Turricumplmperato-
1283 4955 2267 5016 ··,··-········-·-···-·-·----—-----

235 5089 310 5136 rem
326 5063 466 5134 duxisse
488 5055 680 5130 exercitum
696 5055 741 5125 ad
763 5045 1058 5146 Adriauopolin,
1083 5073 1224 5142 proces-
1275 5083 1329 5158 No
1359 5085 1461 5158 6654

174 5256 177 5261 ⁵
237 5189 359 5237 surum
375 5164 415 5232 in
431 5154 691 5236 Pannoniam,
716 5155 777 5226 sed
799 5153 957 5224 filiorum
973 5151 1150 5236 discordia
1167 5176 1224 5222 rc-
1281 5139 1471 5214 ,ὲκ-ψ’

236 5279 401 5338 vocatum
424 5285 497 5332 esse
517 5255 759 5356 Byzantium.
809 5253 906 5326 Bene
927 5255 1016 5324 vale.
1066 5251 1224 5326 Salutem
1294 5291 1300 5318 r

235 5383 399 5461 optamus
413 5361 560 5434 Ductori
574 5352 742 5430 Ectrtto
759 5357 836 5427 viro
857 5355 993 5446 optimo
1014 5369 1048 5428 et
1063 5356 1225 5428 doctissi-

236 5495 306 5542 mo.
357 5465 504 5540 Calend.
523 5461 698 5554 ianuarii,
720 5452 955 5531 Ann01559.

2145 5121 2178 5179 1.
2203 5108 2269 5178 lan.
