4738 6186
122 313 200 390 aas
694 309 1135 394 nersronanuu
1186 309 1425 388 uruxrn.
1481 309 1614 390 raas.
2100 345 2177 424 ,90

116 481 253 578 icquar
274 495 377 558 tuum
406 479 592 568 ordinem,
625 505 665 554 ac
690 485 735 554 de
761 477 981 578 Eloquentia
1006 481 1123 554 dicam
1174 477 1323 550 sumnila
1348 477 1420 548 illis
1438 474 1666 574 Principibus
1688 483 1975 590 etllemmpubl.
1990 519 2026 578 et
2041 510 2175 586 doctri-

118 603 245 674 antea,
279 608 388 681 quam
413 607 455 658 eo
472 583 616 656 dicisin
631 580 861 678 Philosophia
883 609 957 654 uon
976 607 1122 656 essere-
1173 605 1252 652 nae.
1302 579 1449 653 Parme
1480 583 1634 656 liberum
1658 603 1710 662 est
1735 593 1819 679 tibi,
1851 613 1885 672 et
1907 625 2026 680 amare
2045 625 2081 683 et
2100 616 2171 686 mi-

117 689 355 783 quirendam,
377 689 459 784 quia
478 699 617 760 tautum
628 687 830 780 Sapientiae
845 681 1122 782 etElequentiae
1173 685 1246 756 rari
1262 683 1403 775 ingenia
1417 680 1671 766 Barbaromm.
1721 693 1791 766 Sed
1807 698 1838 768 si
1853 695 1921 776 boe
1935 706 2001 780 tibi
2021 719 2169 790 concedi

116 792 311 864 dissidium
342 805 413 870 est.
449 803 490 862 ut
516 789 686 880 coniungi
720 806 898 884 utranque
931 791 1029 862 nefas
1063 790 1121 866 sit.
1171 787 1349 880 postulas,
1380 799 1421 858 ut
1445 791 1686 880 praeferamus
1703 793 1787 868 istos
1806 822 2026 882 summomm
2049 811 2167 891 horni-

116 892 214 985 Quis
238 917 314 966 nou
334 894 433 964 videt
453 905 488 964 te
510 892 551 962 iu
572 893 720 966 materia
734 917 828 964 nova
846 905 952 986 atque
966 893 1120 964 absurda
1170 913 1258 962 num
1274 888 1445 980 ingeniis,
1471 891 1607 962 nullam
1623 895 1731 968 aliam
1746 900 1793 970 ob
1809 927 1968 996 cauum,
1995 917 2064 988 nisi
2081 923 2189 1014 quia'

115 997 245 1070 ludere
263 993 442 1068 voluisse?
491 991 583 1066 Nam
599 1019 680 1068 cum
695 991 869 1068 haeduae
885 994 1034 1068 virtutes
1051 989 1118 1066 bo·
1170 1015 1295 1084 spurce
1319 991 1428 1064 locuti
1451 1007 1554 1080 sunt,
1587 995 1692 1068 etiam
1715 1013 1822 1096 atque
1841 1009 1947 1082 etiarn
1970 1017 2164 1098 videndum

116 1101 228 1170 missis
248 1099 416 1191 propriae
429 1097 503 1168 sint
519 1121 560 1168 ac
577 1119 754 1185 summae,
788 1110 907 1168 mente
929 1121 986 1168 res
1006 1098 1118 1168 bonas
1169 1095 1235 1166 tibi
1250 1095 1335 1178 erit,
1360 1109 1400 1166 ut
1413 1097 1623 1168 senteutiam
1644 1123 1719 1172 non
1735 1103 1851 1178 solum
1865 1111 2076 1209 absurdam,
2101 1129 2163 1200 sed

117 1203 318 1294 perspicere
335 1224 375 1272 ac
398 1200 538 1286 videre,
565 1223 693 1296 easque
716 1203 869 1274 diceudo
894 1201 1069 1290 explicare
1083 1213 1116 1272 et
1152 1189 1258 1288 'pene
1271 1196 1450 1268 crudelem
1465 1199 1591 1272 auditu
1607 1207 1807 1278 verecunde
1825 1215 1918 1284 tueri
1931 1223 2055 1310 possis.
2108 1223 2163 1302 Ac
2299 1259 2304 1270 ·

115 1307 305 1374 ostendere
319 1301 399 1376 aliis
415 1323 536 1397 posse,
558 1304 777 1394 paradoxum
792 1303 897 1374 affers
914 1301 1017 1372 initio
1036 1325 1117 1372 ora·
1167 1299 1324 1372 fortassis
1338 1298 1493 1394 aliquam
1508 1307 1767 1378 excusationem
1784 1334 1840 1382 tes
1855 1307 2017 1407 haberet,
2040 1327 2069 1396 si
2083 1331 2160 1404 sine

114 1406 228 1480 tionis
245 1421 342 1490 tuae,
375 1408 471 1498 quod
495 1427 576 1474 cum
596 1403 670 1496 ipsa
690 1420 814 1478 natura
832 1418 984 1496 pugnat,
1017 1405 1115 1474 netas
1166 1401 1380 1474 contumelia
1402 1399 1640 1498 Eloquentiae
1660 1405 1839 1484 Barbaros
1863 1419 2086 1516 defenderes,
2118 1458 2158 1506 ae

114 1532 192 1580 esse
216 1506 418 1600 Sapientiae
446 1501 697 1599 Eloquentiam
721 1509 864 1580 addere.
922 1502 1013 1576 Nam
1029 1527 1114 1577 usus
1166 1505 1339 1576 tribueres
1364 1503 1415 1572 eis
1439 1528 1537 1576 suam
1562 1511 1740 1602 quandam
1772 1515 1912 1590 laudem
1942 1527 2158 1624 diligentiae,

115 1609 312 1703 sapientiae
328 1609 432 1702 plane
454 1607 576 1680 nullus
589 1610 716 1698 luerit,
744 1610 814 1681 nisi
831 1606 1010 1700 sapienter
1023 1607 1116 1678 deli·
1165 1631 1206 1688 ar,
1222 1606 1449 1700 prudentiae,
1475 1607 1512 1678 in
1526 1613 1632 1682 rebus
1646 1613 1872 1708 inquirendis
1891 1647 1931 1696 ac
1946 1625 2158 1726 iudicandis,

114 1715 241 1786 berata
262 1727 368 1806 atque
388 1711 539 1802 cogitata
554 1715 815 1786 communicare
833 1712 913 1784 aliis
929 1708 1114 1804 possimus,
1164 1715 1199 1780 'et
1209 1708 1368 1782 fatereris
1381 1709 1533 1782 defuisse
1547 1713 1683 1810 aliquid
1696 1718 1751 1787 vel
1767 1716 1852 1810 ipsis
1861 1725 1916 1796 vel
1926 1737 2157 1824 temporibus.

115 1819 214 1910 quod
241 1839 319 1886 cum
344 1815 421 1884 sine
445 1836 571 1906 magna
593 1820 746 1910 quadam
775 1815 874 1909 eopia
895 1830 930 1886 et
945 1815 1113 1886 varietate
1165 1811 1264 1906 Quid
1289 1813 1385 1888 enim
1403 1813 1533 1888 mirum
1558 1829 1627 1904 est,
1660 1820 1853 1894 desiderari
1875 1828 2011 1924 aliquid
2033 1837 2072 1908 in
2088 1835 2153 1914 ho-

114 1917 291 1990 urationis
312 1917 388 1990 beri
418 1939 494 1988 non
518 1932 641 2011 queat,
682 1923 847 1998 virtutes,
883 1908 990 2004 Pice,
1028 1941 1114 2012 quas
1165 1921 1341 2011 minibus,
1364 1943 1444 1990 eum
1461 1919 1663 2011 paucissimi
1679 1923 1750 1994 sint
1767 1927 1916 2001 artifices
1931 1933 2018 2006 boni
2035 1945 2155 2014 omui-

114 2033 245 2090 natura
283 2021 517 2092 maximarum
555 2019 749 2092 utilitatum
789 2043 893 2093 causa
921 2019 1114 2110 copulavit,
1164 2023 1230 2094 bus
1245 2021 1438 2104 aetatibus,
1461 2023 1566 2094 etiam
1581 2024 1619 2096 in
1631 2023 1824 2100 levioribus
1838 2033 1992 2126 artibus,
2014 2055 2154 2118 tantum

114 2115 297 2194 distrahis.
354 2117 475 2212 Atque
496 2120 776 2210 sapientissimus
799 2121 905 2194 Poeta
927 2119 1113 2194 Homerus
1163 2127 1262 2197 abest
1287 2139 1327 2198 ut
1353 2125 1390 2194 in
1418 2118 1486 2196 hoc
1510 2149 1650 2198 summo
1676 2151 1804 2220 genere
1828 2137 1963 2226 pariter
1987 2147 2156 2222 excellere

114 2221 303 2315 utriusque
325 2221 469 2292 virtutis
493 2221 634 2290 landem
660 2223 692 2292 ei
719 2226 797 2296 viro
814 2225 960 2312 tribuit,
985 2226 1022 2296 in
1040 2249 1111 2320 quo
1162 2229 1302 2324 possint
1317 2249 1452 2300 ornnes.
1503 2225 1571 2298 Sed
1591 2241 1628 2300 tu
1644 2230 1693 2302 ita
1709 2233 1871 2307 delendis
1886 2237 1989 2330 istos,
2009 2261 2050 2318 ut
2065 2243 2155 2323 Elo-

114 2320 952 2422 sapientissimiPrincipisexemplumpingebat.
989 2325 1113 2424 lnquit
1163 2332 1343 2426 quantiam
1360 2328 1472 2420 ipsam
1489 2329 1688 2417 insecteris,
1713 2347 1747 2404 et
1763 2336 1869 2428 plane
1888 2339 2155 2436 indignambo.

116 2425 214 2496 enirn
231 2427 276 2494 de
292 2421 333 2497 U
333 2420 449 2519 lysse,
1164 2435 1220 2504 nis
1236 2457 1277 2504 ac
1291 2429 1510 2526 sapientibus
1521 2431 1612 2514 ,viris
1625 2457 1699 2506 esse
1713 2443 1916 2517 contendas.
1956 2443 2079 2544 ltaque
2087 2457 2154 2528 etsi

101 2595 108 2608 ,
158 2535 216 2600 zat
240 2533 268 2600 δ’
292 2532 333 2600 ln
353 2537 411 2618 pis
431 2535 542 2620 μορφὴ
563 2537 678 2625 inlota,
699 2535 740 2604 ἴνα
763 2539 797 2606 tt
811 2539 919 2626 paiste
933 2538 1067 2610 loetal-
1164 2550 1283 2628 poslea
1316 2535 1501 2606 ostendam
1538 2559 1613 2606 tlon
1651 2537 1767 2608 solum
1800 2543 1944 2616 dicendi
1978 2553 2152 2630 rationem

114 2641 239 2735 Atque
251 2641 344 2710 idern
355 2640 465 2712 Poie'ta
478 2636 635 2714 Neslors'
648 2647 775 2716 tribuit
790 2648 987 2717 orationem
1007 2646 1110 2718 melle
1161 2637 1331 2710 Barbarts
1344 2636 1513 2721 defuisse.
1538 2639 1598 2708 ted
1615 2639 1823 2730 etiamalio,
1848 2669 1938 2740 quae
1956 2663 1995 2722 tu
2012 2657 2153 2748 tribuis,

115 2745 335 2834 dulciorem,
369 2745 470 2814 cuius
483 2744 520 2814 in
537 2747 689 2818 dicenda
706 2749 884 2818 sententia
899 2749 1108 2840 sapientiam
1161 2757 1279 2814 tamen
1295 2763 1392 2811 nuuc
1408 2732 1501 2810 nihil
1516 2743 1560 2810 de
1576 2742 1645 2814 isto'
1659 2765 1786 2834 genere
1798 2748 2011 2840 scriptorum
2025 2761 2152 2848 dicam,

115 2847 165 2916 ita
188 2845 367 2938 praedicat
393 2843 665 2940 Agamemnon,
699 2863 738 2920 nt
763 2873 975 2941 uragnopcre
992 2851 1110 2943 plures
1142 2846 1273 2949 ,ipsius
1288 2840 1523 2937 Eloquentiae
1537 2847 1774 2932 patrocinium
1798 2851 1998 2944 suscipiam.
2059 2859 2151 2936 Tota

116 2950 186 3018 sibi
204 2948 425 3018 coresiliarios
441 2950 543 3020 istius
557 2951 691 3020 similes
710 2966 817 3042 optet.
870 2952 977 3041 Quod
1002 2953 1030 3022 si
1045 2977 1110 3022 ne-
1161 2949 1257 3016 errim
1267 2947 1381 3018 oratio
1396 2960 1474 3028 tua,
1498 2967 1573 3014 non
1588 2960 1658 3018 tam
1674 2949 2152 3055 defensioestBarbarorum‚

116 3053 253 3136 lassat,
284 3063 324 3122 ut
339 3064 379 3122 tu
393 3052 569 3138 delendis,
600 3055 816 3145 coniungere
838 3048 944 3138 haee,
975 3055 1110 3150 quidi-
1161 3075 1266 3142 quom
1295 3045 1532 3140 Eloquentiae
1559 3047 1784 3142 vituperatio.
1850 3053 2018 3152 Disputas
2054 3069 2150 3140 enirn

122 3153 168 3223 cis
201 3155 405 3248 eloquentes
439 3177 562 3224 omnes
587 3155 665 3226 sine
692 3171 830 3240 mente,
868 3157 943 3226 sine
971 3170 1110 3248 pectore
1159 3147 1412 3246 Eloquentiam
1436 3172 1510 3220 esse
1537 3153 1742 3222 accersitum
1761 3171 1926 3229 ornatum
1956 3177 1990 3234 et
2018 3165 2153 3260 fucum,

124 3275 209 3340 esse,
230 3256 621 3342 stultosfuisseomnes,
644 3249 1109 3352 quorurnElnquentiala'u-
1160 3256 1223 3347 qui
1239 3248 1401 3324 adhiberi
1417 3253 1527 3322 soleat
1542 3265 1602 3322 aut
1614 3257 1805 3347 voluptatis
1819 3283 1942 3346 eattae,
1969 3273 2151 3344 autetiam

120 3355 244 3443 datur,
276 3353 472 3450 Ulyssem,
506 3349 717 3430 Nestorem:
763 3361 894 3430 deinde
925 3359 1110 3452 Principes
1160 3361 1203 3426 ad
1222 3349 1587 3428 sallendoshomines.
1637 3351 1837 3430 Rhetorum
1853 3363 1942 3436 dicis
1962 3391 2153 3446 essemen·

115 3459 200 3528 illos
214 3457 593 3552 Rerumpublicarum,
618 3463 680 3554 qui
696 3485 760 3533 suo
776 3463 947 3546 consilio,
972 3463 1108 3534 autori·
1159 3459 1239 3540 tiri,
1263 3457 1533 3540 circumvenire,
1556 3469 1586 3524 et
1599 3459 1715 3530 nescio
1726 3463 1855 3554 quibus
1868 3471 2151 3560 praestigiisani-

115 3573 207 3646 tate,
237 3562 416 3646 oratione,
446 3563 617 3633 maximas
632 3587 687 3634 res
701 3565 964 3654 gubemaruut,
999 3559 1109 3634 Solo-
1160 3559 1423 3650 mosderipere.
1473 3555 1513 3628 Si
1538 3581 1611 3627 non
1627 3559 1831 3652 intelligunt
1853 3565 1912 3636 isti
1932 3572 1984 3640 tui
2000 3573 2151 3667 scripto.

115 3686 220 3748 nem,
245 3657 442 3746 Periclem,
473 3658 691 3748 Demaden,
717 3658 1018 3752 Demosthenem,
1043 3655 1110 3737 Ci-
1159 3683 1232 3744 res,
1265 3661 1363 3732 aliud
1393 3681 1467 3729 esse
1495 3653 1766 3752 Eloquentiam,
1804 3687 1909 3760 quam
1946 3665 2150 3752 huiusmodi

115 3787 295 3848 aarum,
319 3753 537 3852 Caesarem,
561 3759 778 3849 Octaviam,
811 3783 846 3838 et
863 3766 1110 3838 innumerabi-
1159 3765 1300 3844 lucum,
1325 3760 1514 3854 planeiam
1529 3755 1746 3834 detrahenda
1762 3765 2151 3870 eriteistilosopbiae

113 3871 168 3941 les
189 3869 297 3954 alios,
332 3893 441 3962 quos,
473 3870 504 3940 si
533 3871 632 3940 nulla
655 3871 803 3942 societas
833 3883 884 3940 est
907 3867 1110 3961 Sapientiae
1160 3864 1335 3954 cognitio,
1358 3861 1928 3968 quampraecipuesihiamgsne
1962 3873 2150 3956 Nouenim

115 3967 443 4065 cumEloquentie,
463 3973 979 4044 condemnasstultiaeomnes.
1011 3969 1110 4044 Con·
1160 3965 1399 4060 perspiciunt.
1430 3961 1681 4058 Ei⁰q¹¹²¹¹ii³ffl
1698 3971 1910 4060 peculiarem
1934 3978 2006 4050 vim
2021 3985 2150 4057 acvir-

117 4087 188 4144 stat
210 4073 305 4144 enirn
329 4067 394 4146 hoa
422 4074 532 4146 fuisse
563 4075 879 4170 eloquentissimos.
939 4071 1039 4164 Quid
1065 4077 1109 4144 de
1160 4083 1272 4141 tutem
1296 4089 1389 4154 esse,
1421 4067 1585 4138 utilitatis
1608 4067 1758 4142 alieuius
1779 4098 1881 4146 eausa
1897 4081 2015 4152 datam
2033 4078 2151 4158 bomi-

116 4171 349 4266 Philosophia
374 4177 553 4248 veteribus
587 4177 819 4250 iudicandum
853 4177 944 4248 erit?
1002 4173 1109 4246 Dice·
1160 4173 1284 4257 uibus;
1310 4169 1440 4240 deinde
1457 4193 1531 4242 non
1547 4181 1640 4240 recte
1656 4173 1849 4264 definiunt,
1874 4181 2151 4276 quodDialecti-

117 4303 245 4348 mtrsne
261 4274 327 4348 hos
341 4278 448 4348 scrisse
462 4281 643 4359 induratos,
668 4281 750 4374 qnia
768 4303 841 4352 non
856 4293 939 4350 strnt
953 4278 1109 4361 confuse,
1161 4273 1228 4365 eis,
1259 4271 1382 4367 quales
1402 4295 1440 4342 se
1460 4295 1535 4342 esse
1556 4273 1769 4364 profitentur
1790 4283 1866 4362 isti,
1904 4288 2148 4379 turpissimum

116 4382 278 4464 sordide,
304 4397 409 4474 atque
424 4381 609 4476 inquinate
625 4383 787 4476 loquuti?
825 4375 999 4452 Platonis
1013 4395 1108 4452 tanta
1161 4389 1219 4446 sst.
1270 4370 1613 4468 NamEloqueutia‚
1640 4393 1800 4467 nonest,
1825 4395 1865 4456 ut
1883 4385 2149 4470 istisomninnt,

117 4497 172 4552 est
197 4479 428 4576 Eloquentia,
460 4497 500 4553 ut
521 4477 660 4555 Graen‘
686 4485 858 4570 dixerint,
898 4479 1043 4568 Iovem,
1080 4483 1111 4552 si
1161 4475 1349 4548 accersitus
1366 4477 1501 4558 cultus,
1527 4480 1586 4548 sed
1605 4493 1656 4550 est
1673 4481 1819 4556 facultas
1840 4489 1982 4578 proprie
1997 4515 2036 4562 ac
2053 4493 2149 4566 dilu-

119 4585 208 4656 velit
241 4589 285 4654 de
317 4586 425 4654 rebus
464 4587 597 4654 divinis
629 4581 1006 4668 disserere,'usurum
1037 4609 1111 4654 csse
1162 4580 1240 4652 cide
1262 4578 1460 4669 explicandi
1483 4581 1685 4654 animorum
1714 4607 1815 4657 sensa
1843 4611 1883 4658 ac
1911 4591 2151 4684 cogitationes,

117 4679 295 4758 Platonis
315 4687 487 4760 oratione,
540 4685 655 4760 Tanta
681 4701 733 4758 est
752 4688 849 4758 anim
869 4689 987 4778 copia,
1013 4701 1109 4758 tanta
1163 4679 1293 4776 quain
1319 4703 1357 4750 re
1380 4680 1486 4752 etiam
1511 4679 1677 4772 dignitati
1700 4699 1734 4756 et
1760 4689 1901 4760 veritati
1923 4693 2150 4768 serviendum

118 4791 291 4880 grauitas,
326 4803 444 4861 tantus
466 4789 636 4879 splendor
658 4791 848 4860 verborum
872 4801 905 4859 et
919 4790 1113 4860 sententia·
1164 4797 1234 4864 eat,
1267 4795 1308 4854 ut
1323 4795 1404 4874 apta
1420 4795 1454 4854 et
1469 4797 1563 4854 recta
1582 4785 1762 4871 dicautur,
1788 4805 1822 4860 et
1838 4807 1877 4866 ut
1891 4797 2153 4888 amplificentur

120 4917 222 4976 cerm,
258 4905 297 4963 ut
321 4894 438 4964 verius
462 4892 583 4960 divina
607 4915 713 4984 quarn
737 4887 891 4962 humano
917 4917 984 4960 vox
1006 4891 1112 4962 aesti·
1164 4909 1220 4962 res
1242 4907 1407 4976 magnae,
1437 4901 1472 4956 el
1499 4885 1683 4958 elevemur
1703 4911 1742 4958 et
1766 4895 1976 4983 quaeabiici
1997 4903 2151 4992 prodest.

120 4995 212 5068 rnrrri
237 4996 374 5066 debeat.
430 4989 643 5066 Aristotelis
666 4993 780 5062 oratio
803 4995 868 5064 etsi
893 4993 1036 5062 brevior
1051 5007 1114 5076 est,
1167 4987 1288 5080 ltaque
1304 5001 1344 5060 ut
1358 4985 1509 5058 Pictoris
1524 4987 1604 5056 finis
1618 5003 1688 5074 est,
1713 5015 1795 5062 vere
1808 5017 1849 5066 ac
1863 5000 2006 5090 proprie
2020 5004 2151 5074 imitari

123 5111 243 5166 tamen
265 5111 300 5168 et
323 5096 462 5188 propria
490 5109 524 5166 et
546 5119 634 5188 pura
649 5109 724 5174 est.
744 5107 779 5164 ct
794 5095 842 5166 ita
860 5097 1019 5166 abundat
1035 5096 1115 5188 qui·
1166 5113 1336 5182 corpora,
1369 5091 1465 5184 quod
1490 5113 1596 5182 quarn
1620 5091 1765 5163 difficile
1788 5095 1833 5168 sit
1855 5103 2043 5196 consequi,
2078 5129 2151 5176 nnn

124 5201 276 5268 bassalum
305 5200 377 5268 suis
413 5197 626 5282 luminibus,
662 5211 702 5268 ut
730 5185 858 5268 Cicero
886 5221 961 5266 eam
988 5197 1117 5266 ‹tinoir
1168 5207 1219 5262 est
1240 5193 1429 5262 olrscumm
1454 5191 1667 5280 experienti,
1700 5216 2058 5290 nequearstantum‚
2092 5213 2151 5278 sed

123 5303 278 5374 similem
296 5325 369 5370 esse
387 5299 526 5369 llumini
546 5325 672 5371 aurum
689 5295 853 5385 vehenti;
887 5314 918 5370 et
936 5301 1116 5370 interdurn
1170 5295 1273 5364 etiarn
1301 5316 1427 5382 magna
1452 5293 1611 5362 colorum
1630 5295 1779 5366 varietas
1791 5313 1895 5394 atque
1910 5305 2090 5378 distinctio
2110 5313 2155 5380 ad

124 5407 216 5474 adeo
242 5404 357 5474 dulcis
382 5415 452 5486 est,
479 5399 571 5472 nillil
593 5418 633 5474 ut
663 5403 774 5492 possit
800 5401 946 5490 cogitari
969 5402 1118 5472 duh-ins.
1171 5397 1206 5464 ixl
1224 5395 1434 5488 requiritur:
1462 5393 1511 5464 lta
1530 5390 1719 5476 Rhetoris,
1745 5400 1818 5470 aive
1834 5402 1882 5473 ila
1900 5411 2016 5478 vocari
2034 5413 2160 5498 mavis,

128 5505 365 5588 t'irteanum,
392 5503 1120 5597 quamsitiniustamadimeresapientiam
1172 5495 1406 5592 Eloquentiae
1437 5496 1519 5566 finis
1549 5511 1619 5584 est,
1655 5499 1749 5592 ipsas
1779 5504 1892 5576 animi
1923 5511 2162 5604 cogitationes,

178 5613 360 5682 Mensura.
387 5610 492 5678 Oeen.
520 5611 606 5677 Vox..
631 5609 696 5678 IX.
1527 5595 1577 5672 44
