4738 6186
96 341 176 424 693
682 325 1116 420 EPISTULARUM
1163 331 1273 415 tte.
1296 329 1400 421 ttttt
1455 325 1587 421 ttae.
2073 363 2147 441 694

100 519 177 607 illi,
208 537 296 614 quos
324 529 364 590 tu
395 512 575 603 defendit,
614 527 860 611 susceperunt,
901 538 991 614 quac
1022 515 1100 586 siue
1148 524 1223 584 mat
1249 525 1285 586 et
1306 515 1504 608 corrumpit
1529 518 1740 611 sententias,
1774 545 1814 598 ac
1838 553 1885 602 ne
1907 529 2041 625 elingit
2062 541 2144 634 qui.

99 620 320 718 Eloquentia
344 621 465 692 lumen
488 615 620 691 habere
641 622 782 691 nullum
804 633 964 713 possunt.
1015 617 1098 689 Pri·
1147 619 1247 702 dem,
1281 622 1377 713 quod
1412 620 1538 692 debeat
1573 643 1647 694 csse
1673 629 1845 702 orationis
1874 635 2028 707 olficium
2056 665 2141 732 pro-

99 751 202 798 mum
226 726 320 796 euim
346 724 412 796 etsi
435 747 510 795 non
528 735 580 793 est
600 745 673 794 una
691 723 863 795 orationis
883 724 1017 808 sonna,
1042 733 1099 790 ta·
1145 719 1277 810 prium.
1329 717 1399 792 Sed
1420 743 1642 812 sermonem,
1674 729 1812 824 inquis,
1846 757 1921 806 uon
1951 759 2141 836 aspernor,

99 851 186 900 men
220 828 249 897 si
284 825 487 897 animorum
519 832 726 897 nostrorum
760 827 991 917 cogitationes
1018 823 1097 892 aliis
1147 829 1319 892 ornatum
1341 845 1415 894 uon
1434 825 1596 924 requiro,
1631 837 1670 899 ul
1686 830 1725 900 in
1748 843 1924 910 matrona
1938 839 2139 938 simplicem

100 929 366 1004 communicare
406 929 647 1015 voluerimus,
687 933 860 1000 utendum
900 928 968 998 erit
1001 939 1097 997 certo
1146 919 1283 994 cultum
1303 923 1516 1022 probamus.
1568 929 1642 1001 Nec
1667 923 1794 1006 Cicero
1817 942 1960 1036 quidem
1984 947 2066 1038 plus
2082 973 2138 1019 re-

101 1033 259 1130 quodam
274 1050 401 1124 genere
417 1030 608 1115 sermonis,
634 1033 730 1124 quod
748 1030 864 1100 verbis
880 1031 974 1100 notis
991 1041 1025 1098 et
1040 1053 1096 1097 re·
1145 1027 1256 1120 quirit
1270 1053 1289 1098 a
1303 1025 1549 1126 Philosophis,
1576 1057 1682 1127 quam
1698 1061 1827 1128 purum
1843 1067 2041 1118 sermonem
2058 1063 2139 1142 apte

100 1135 320 1220 defunctis,
346 1134 485 1224 integre
499 1147 606 1227 atque
623 1131 752 1203 ordine
767 1156 821 1202 res
837 1133 882 1202 de
896 1133 1026 1227 quibus
1040 1131 1097 1200 di·
1145 1153 1185 1198 ac
1210 1131 1369 1202 dilucide
1397 1157 1453 1204 res
1475 1135 1719 1229 explicantem.
1783 1141 1853 1214 Sed
1881 1143 1965 1218 haec
1990 1151 2138 1223 facultas

99 1240 235 1322 timue,
258 1247 421 1327 exponat.
473 1234 515 1305 ld
528 1257 716 1306 commune
729 1245 804 1305 esse
821 1235 928 1306 debet
941 1235 980 1303 in
996 1233 1096 1302 omni
1144 1225 1212 1301 hnc
1226 1234 1332 1302 modo
1348 1235 1508 1322 dicendi,
1539 1249 1574 1307 et
1589 1242 1778 1334 praecipua
1796 1241 2033 1342 Eloquentiae
2055 1277 2136 1346 pars

99 1337 410 1412 orationisforma.
447 1335 539 1407 Nam
556 1337 660 1406 etiam
678 1337 885 1422 illaeartes,
912 1359 1098 1431 quaepro-
1145 1345 1214 1418 est,
1246 1349 1282 1408 et
1301 1337 1347 1406 ab
1371 1353 1445 1408 arte
1466 1340 1663 1430 plurimum
1686 1347 1804 1419 sumit.
1856 1348 2136 1446 Requiritenim

99 1444 296 1537 modum
319 1437 435 1510 videri
457 1451 577 1509 mutae
597 1453 764 1532 possunt,
796 1433 1041 1509 Aritdmelica
1062 1451 1096 1508 et
1144 1458 1318 1506 summam
1327 1441 1553 1531 prudentiam
1564 1442 1602 1512 in
1613 1446 1720 1516 rebus
1736 1448 2008 1542 investigandis,
2031 1471 2137 1552 atque

100 1540 334 1627 Geometrio,
364 1555 485 1612 tamen
510 1565 585 1612 nun
609 1555 757 1634 possunt
773 1541 908 1635 percipi
922 1541 992 1612 nisi
1012 1565 1095 1633 pro·
1144 1539 1378 1622 collocandis,
1412 1543 1549 1634 copiam
1567 1549 1758 1618 verborum
1779 1555 2052 1646 amplissimam,
2080 1560 2137 1632 iu-

98 1649 191 1743 pffis
215 1645 333 1718 verbi,
358 1659 393 1718 εχ
413 1643 472 1713 vio
493 1653 535 1713 aa
553 1644 692 1715 ratione
721 1646 874 1739 quadam
899 1645 1095 1716 tradantur.
1144 1641 1277 1710 dicium
1304 1644 1516 1716 acerrimum
1547 1647 1585 1714 in
1611 1649 1760 1724 delectu.
1820 1651 1910 1726 Nam
1936 1683 2015 1730 cum
2046 1665 2139 1735 duae

98 1751 269 1822 Caeterae
296 1765 382 1818 vero
417 1759 555 1837 partes,
597 1739 800 1841 Physicoe,
840 1739 1021 1826 Etticae,
1061 1757 1096 1815 et
1144 1741 1215 1814 sint
1230 1749 1487 1836 propemodum
1501 1743 1689 1821 Orationis
1711 1753 1846 1824 formae
1859 1761 2003 1832 tenuior
2019 1763 2139 1854 altera,

97 1846 332 1945 Theologius
362 1849 547 1932 materiae,
587 1851 666 1918 erui
690 1861 795 1943 atque
824 1847 998 1919 illustrari
1018 1845 1096 1916 sine
1145 1845 1252 1915 altera
1274 1851 1462 1938 grandior,
1491 1853 1638 1923 nonita
1663 1855 1815 1926 multum
1838 1865 2017 1951 posterior
2032 1867 2139 1940 dissi·

99 1951 336 2048 Eloquentia,
368 1965 406 2022 et
419 1953 500 2021 sine
514 1952 560 2021 ils
579 1951 737 2036 aclibus,
768 1968 856 2044 quas
879 1947 1094 2044 Eloquentia
1145 1947 1239 2018 milis
1255 1964 1306 2020 est
1320 1953 1453 2041 priori,
1484 1955 1555 2024 nisi
1577 1958 1672 2048 quod
1690 1957 1818 2047 figuras
1836 1976 1871 2031 et
1892 1967 2139 2058 amplificatio·

100 2059 280 2140 continet,
320 2053 423 2123 nullo
452 2055 560 2123 modo
589 2063 749 2142 possunt.
814 2051 928 2122 Porro
957 2053 1010 2123 tui
1040 2051 1094 2120 illi
1145 2071 1208 2120 nes
1233 2053 1392 2124 crebrius
1421 2050 1579 2130 adhibet.
1639 2058 1763 2152 ltaque
1794 2063 1948 2153 priorem
1975 2071 2139 2154 sormam,

99 2157 263 2245 magistri
285 2147 472 2234 Thomas,
506 2174 547 2223 ac
567 2149 718 2233 Scelus,
753 2156 967 2244 promittunt
990 2153 1095 2224 uobis
1145 2174 1235 2246 quae
1250 2157 1487 2226 verecundior
1510 2172 1581 2242 est,
1616 2161 1918 2252 disputationibus
1933 2185 2059 2261 putant
2080 2197 2141 2244 ac·

100 2257 295 2348 perlectiss.
310 2255 517 2324 doctrinam
542 2255 588 2324 de
609 2255 802 2346 religione,
840 2259 954 2351 deque
976 2257 1095 2326 omni·
1145 2251 1458 2327 commodatiorem
1481 2281 1570 2346 esse,
1601 2263 1666 2331 etsi
1687 2263 1725 2332 in
1750 2277 1848 2336 tanta
1872 2291 1992 2342 renim
2024 2275 2140 2346 varie-

99 2360 170 2428 bus
191 2358 286 2428 vitae
307 2357 449 2441 officiis,
490 2357 575 2451 quid
598 2371 795 2448 praestent,
826 2373 947 2452 postea
970 2359 1096 2443 dicam,
1146 2370 1232 2438 tate,
1263 2360 1374 2428 multa
1395 2361 1434 2428 in
1457 2355 1691 2456 Philosophia
1720 2365 1906 2456 incidunt,
1941 2376 2140 2468 dequibus

100 2477 200 2530 nnnc
219 2473 360 2530 tantum
381 2457 426 2528 de
444 2477 572 2548 genere
586 2454 773 2531 Orationis
789 2459 945 2554 disputo.
995 2461 1095 2550 Quid
1146 2461 1251 2530 etiam
1274 2463 1465 2553 grandiore
1487 2467 1643 2558 quodam
1667 2489 1755 2536 sono
1777 2469 1969 2544 dicendum
1995 2491 2065 2562 est,
2099 2493 2141 2549 ut

100 2576 219 2633 saitem
239 2573 355 2654 potest
369 2561 458 2652 engi
477 2560 640 2647 stultius,
677 2561 1095 2656 quamquodsincElo·
1147 2561 1292 2653 propius
1320 2565 1431 2654 aspici
1461 2585 1580 2635 renim
1610 2569 1821 2658 magnitudo
1842 2577 1964 2663 possit.
2015 2577 2139 2674 ltaque

99 2665 246 2759 quentia
271 2657 511 2734 Ecclceierum
534 2665 695 2734 doctores
718 2687 761 2735 ac
780 2665 873 2736 vitae
889 2667 996 2736 duces
1014 2685 1096 2756 per·
1145 2665 1211 2734 etsi
1226 2659 1440 2738 Aristoteles
1458 2681 1492 2738 et
1508 2657 1636 2740 Cicero
1651 2669 1689 2739 in
1703 2673 2004 2765 disputationibus
2020 2681 2139 2772 priore

100 2763 220 2838 hiberi
238 2765 382 2836 volunt:
416 2787 456 2834 ac
473 2764 677 2860 nequidem
695 2767 780 2860 quid
798 2768 953 2838 sentiani
977 2781 1095 2837 osten·
1145 2787 1272 2856 genere
1287 2781 1453 2845 utantur.
1488 2783 1607 2841 tamen
1631 2772 1812 2844 interdum
1833 2797 2018 2852 assumunt
2033 2785 2139 2853 etiam

99 2871 187 2939 dere
210 2865 382 2960 possunt?
432 2865 475 2936 ln
499 2868 649 2957 singulis
674 2870 810 2940 artibus
826 2872 996 2964 quaedam
1010 2893 1096 2961 pro·
1145 2869 1476 2958 altemmsormam,
1509 2897 1577 2967 qua
1602 2875 1746 2969 quidem
1771 2871 1885 2948 Plato
1899 2883 2032 2978 ubique
2054 2909 2141 2978 pro·

99 2973 178 3064 pria
195 2969 465 3040 suntortiiicum
488 2971 672 3043 vocabula.
725 2970 845 3060 Quare
867 2967 1096 3063 Philosophis
1146 2973 1333 3063 pemodum
1357 2975 1481 3048 utitur.
1540 2973 1673 3058 Porro,
1704 2979 1734 3047 si
1759 2975 2013 3076 Philosophiae
2033 2979 2138 3058 eiiam

102 3099 142 3145 ac
156 3067 351 3162 Theologis
367 3071 471 3140 etism
487 3094 549 3140 sua
567 3073 741 3166 quaedam
758 3074 949 3159 vocabula,
974 3087 1013 3144 ut
1023 3071 1093 3143 Ar·
1144 3073 1300 3165 priorem
1315 3075 1413 3144 illam
1423 3077 1573 3146 formam
1583 3073 1764 3162 detrahes,
1791 3083 1897 3173 plane
1911 3101 2045 3158 mutam
2057 3094 2139 3160 red-

107 3171 262 3248 ehtteceio
277 3197 317 3243 ac
332 3171 551 3266 Pictoribus,
576 3175 723 3244 cosmedi
739 3198 890 3268 aequum
908 3189 971 3250 est.
1023 3173 1093 3247 Sed
1144 3175 1289 3248 dideris.
1341 3175 1441 3266 Quid
1458 3179 1555 3248 enim
1577 3181 1750 3273 explicare
1768 3187 1914 3278 poterit,
1946 3191 1976 3258 si
1990 3214 2034 3261 ne
2054 3211 2139 3283 pro-¹

108 3275 245 3346 interim
268 3276 429 3369 reliquus
448 3297 564 3346 sermo
586 3289 748 3346 constare
772 3277 912 3350 usitatis
938 3301 978 3347 ac
999 3277 1095 3347 notis
1144 3276 1223 3368 prio
1240 3277 1383 3371 quidem
1409 3293 1444 3350 et
1459 3281 1643 3372 perspicuo
1660 3306 1787 3374 genere
1801 3289 1971 3360 orationis
1997 3297 2140 3366 utetur?

105 3379 221 3449 verbis
237 3377 360 3458 debet,
394 3387 535 3466 oportet
554 3391 589 3448 et
608 3379 647 3446 iu
664 3377 854 3469 iungendis
877 3381 995 3449 verbis
1011 3379 1094 3447 imi·
1144 3377 1268 3473 Neque
1288 3403 1373 3449 vero
1390 3382 1578 3478 quisquam
1598 3386 1675 3456 sinc
1691 3387 1825 3478 optima
1847 3393 2027 3482 doctrina,
2061 3398 2139 3468 sine

100 3483 169 3552 tari
194 3479 500 3552 consuemdinem.
558 3477 656 3550 Haec
679 3503 754 3549 uon
777 3481 976 3572 huutapud
997 3480 1092 3550 istos.
1144 3484 1315 3552 acerrimo
1343 3485 1479 3569 studio,
1517 3485 1595 3554 sine
1617 3489 1723 3576 longa
1743 3494 2013 3582 exercitatione,
2046 3499 2139 3569 illud

99 3579 242 3656 Deinde
275 3605 350 3652 nou
378 3581 495 3651 solum
531 3577 666 3652 habent
695 3594 809 3652 errata
840 3579 1094 3668 Grammatica,
1144 3583 1260 3673 ipsum
1278 3605 1405 3673 genus,
1439 3587 2044 3679 quodiudoctiomnibusinmanu
2063 3620 2141 3670 esse

99 3689 161 3758 sed
187 3707 302 3780 neque
323 3682 513 3754 sententias
535 3683 743 3769 absolvunt,
773 3705 890 3776 neque
909 3683 1095 3766 iudicium,
1146 3696 1290 3781 putant,
1322 3689 1490 3780 consequi
1516 3701 1640 3778 potest.
1699 3687 1877 3763 Pictorem
1901 3699 2049 3769 memini
2068 3725 2136 3771 no-

98 3811 219 3884 mque
240 3787 403 3857 medinam
427 3785 466 3854 iu
496 3786 705 3878 explicando
728 3780 910 3858 adhibent.
968 3785 1092 3856 Postea
1145 3799 1237 3856 strae
1259 3787 1382 3858 aetatis
1401 3783 1576 3885 Apellen,
1611 3813 1691 3862 cum
1716 3788 1807 3863 mihi
1829 3797 1956 3888 cupide
1976 3802 2135 3875 audienti
2236 3865 2239 3872 .

98 3893 227 3962 omissa
246 3883 417 3984 loquendi
432 3887 632 3978 diligentia,
662 3909 782 3959 rerum
799 3887 904 3958 etiarn
921 3885 1093 3958 iudicium
1145 3903 1454 3975 commemoraret,
1487 3905 1522 3962 et
1537 3893 1793 3965 adolescentiae
1807 3900 1944 3986 studia,
1973 3915 2006 3974 et
2029 3912 2140 3999 quem'

98 3993 307 4065 amisemmt.
358 3987 556 4062 Pinxemnt
578 3991 672 4060 enim
697 4011 769 4062 una
785 4013 865 4060 cum
885 3990 1095 4059 monstrosis
1145 3991 1214 4060 sibi
1238 4001 1357 4082 postea
1381 4013 1525 4084 scopum
1546 3997 1634 4066 artis
1655 4000 1913 4088 proposuisset,
1945 4029 2016 4098 quo
2035 4010 2134 4102 quasi

99 4093 285 4166 vocabulis
307 4093 569 4182 inexplicabilia
597 4091 753 4178 somnia,
792 4092 923 4186 quibus
948 4092 1095 4162 univer·
1145 4094 1315 4162 directam
1337 4115 1483 4165 manum
1507 4090 1672 4180 haberet,
1701 4099 1836 4188 dicere,
1871 4127 1907 4174 sc
1928 4109 2137 4179 adolescen-

100 4221 177 4268 „m
194 4189 464 4288 Philosophiam
488 4217 529 4265 ac
544 4189 779 4284 Theologiam
796 4196 1013 4278 obruerunt,
1044 4195 1093 4264 ita
1145 4209 1217 4266 tem
1242 4192 1280 4263 in
1304 4193 1440 4288 pictura
1455 4195 1640 4269 mirificam
1654 4204 1832 4294 quandam
1856 4229 1895 4276 ac
1907 4231 1997 4300 pene
2011 4211 2134 4302 prodi·

102 4301 143 4370 iu
167 4301 316 4370 luorum
336 4295 496 4368 doctrina
518 4319 600 4366 vere
618 4311 719 4382 siant,
751 4311 793 4368 ut
807 4289 946 4367 Graeci
959 4297 1095 4380 dicunt,
1146 4297 1279 4387 giosam
1308 4298 1512 4368 varietatem
1533 4301 1677 4372 'amasse
1708 4317 1869 4395 gestuum
1897 4321 2002 4403 atque
2028 4336 2135 4383 orna-

102 4395 228 4474 nds‘w
242 4391 433 4494 μίακόνις.
484 4397 606 4488 Quare
616 4423 689 4469 non
705 4399 1010 4492 solumpopulus,
1033 4401 1092 4468 sed
1148 4411 1348 4467 mentorum
1371 4401 1488 4470 omnis
1515 4404 1667 4493 generis:
1707 4401 1812 4478 Nunc
1836 4425 2073 4482 senescentem
2100 4437 2136 4485 se

101 4527 150 4576 „g
172 4503 427 4598 {pq-quidem,
460 4503 557 4594 quod
582 4515 635 4572 est
651 4501 708 4571 vel
727 4501 879 4571 maxime
891 4501 1096 4584 ridiculum,
1148 4499 1332 4570 consulere
1364 4517 1545 4587 naturam,
1592 4505 1631 4575 in
1663 4502 1755 4578 hanc
1789 4509 1940 4598 intueri,
1985 4527 2025 4584 ut
2057 4539 2134 4587 eam

101 4629 183 4678 ,ω
198 4605 454 4696 disputationes
467 4603 689 4694 intelligunt,
710 4603 998 4689 acsoloccissant,
1019 4625 1096 4671 non
1149 4601 1307 4694 proxime
1339 4615 1372 4672 et
1403 4605 1647 4697 propriissime
1675 4610 1906 4701 exprimeret,
1949 4637 2066 4710 neque
2100 4643 2136 4690 se

101 4724 143 4782 ut
166 4700 401 4778 Anacharsis
426 4698 598 4789 Athenis,
627 4719 668 4776 ut
684 4719 723 4776 tu
741 4705 850 4789 dicis,
883 4706 943 4774 sed
967 4705 1006 4774 in
1024 4706 1095 4775 suis
1149 4705 1244 4799 quod
1260 4719 1418 4794 cuperet,
1443 4709 1598 4802 assequi:
1633 4710 1715 4804 quia
1735 4706 1800 4782 hac
1814 4715 2029 4808 pmprietate
2043 4715 2137 4792 nihil

102 4807 247 4885 scholis.
298 4809 416 4881 Venio
438 4831 535 4879 nstnc
558 4809 603 4877 ad
628 4829 795 4877 acervum
818 4805 1094 4878 similitudinum
1149 4804 1400 4879 difficiliussit.
1450 4805 2039 4909 Nequeveroleciliusestnegotie
2055 4847 2136 4894 ver·

103 4933 266 4998 tuarum,
305 4935 397 5008 qnae
419 4903 613 4982 detrahunt
639 4903 911 5000 Philosophiae,
952 4933 1027 4978 non
1056 4921 1097 4978 ot
1149 4909 1205 4979 bis
1229 4908 1402 5000 propriis,
1434 4935 1540 5004 quam
1569 4926 1733 4984 naturam
1773 4917 1955 4992 coloribus
1981 4923 2137 5014 pingere.
2247 4971 2252 4982 ·

102 5033 144 5090 tu
162 5013 385 5087 ratiocinaris
396 5011 667 5108 Eloquentiam,
689 5005 838 5094 horest,
859 5033 982 5080 verum
1000 5010 1098 5080 colo·
1151 5009 1276 5104 ltaque
1290 5007 1475 5082 Horatius
1491 5012 1679 5104 significet,
1705 5031 1879 5111 quantum
1896 5017 1981 5094 hoec
1997 5047 2052 5096 res
2074 5023 2137 5098 ha-

103 5143 182 5191 m.
199 5117 390 5198 orationis,
424 5119 483 5188 cod
500 5117 660 5207 ineptum
683 5126 860 5185 ornatum.
912 5110 1098 5202 Virginem
1151 5115 1232 5184 beat
1255 5112 1490 5199 difficultatis,
1522 5139 1602 5186 cum
1628 5115 1677 5188 ita
1699 5117 1798 5192 iubet
1814 5121 1987 5212 scribere,
2011 5139 2052 5201 ut
2069 5130 2139 5202 sibi

104 5221 427 5293 nondecetlncus:
453 5241 518 5288 nee
531 5215 968 5288 monstrosasaciesdecet.
1000 5212 1098 5302 Quid
1152 5215 1286 5310 quivis,
1514 5297 1524 5316 ,

105 5339 226 5396 autem
244 5320 461 5394 montrosius
476 5335 527 5389 est
542 5317 782 5400 barbarorum
791 5315 976 5387 oratione?
1008 5313 1114 5386 Nam·
1203 5319 1310 5406 speret
1324 5323 1423 5399 idun,
1447 5322 1533 5386 sudet
1547 5329 1696 5406 mmmm,
1722 5329 1891 5418 trususque
1913 5339 2036 5404 taboret.

106 5453 148 5500 θη
160 5427 274 5498 offitio
291 5438 447 5520 quaeest
463 5423 615 5514 optima,
639 5421 781 5492 nativus
794 5418 987 5489 sententiae
1002 5417 1102 5488 color
1205 5424 1309 5488 Ausus
1324 5426 1422 5503 idem,
1450 5439 1570 5490 tomum
1591 5436 1680 5493 series
1695 5438 1893 5520 iuncturaque
1913 5445 2018 5522 pollet.

108 5541 175 5603 est.
228 5528 375 5606 Aliena,
407 5527 552 5606 confuso
576 5539 609 5596 et
633 5523 837 5618 perturbata
851 5521 965 5595 oratio
982 5519 1100 5598 delor-
1207 5525 1341 5592 Taurum
1357 5529 1395 5593 de
1409 5529 1513 5698 meqq
1528 5539 1655 5658 pompus
1672 5537 1787 5600 aceedit
1801 5537 1934 5608 honoris.
