4690 6206
211 324 289 422 oss
781 321 1210 404 ueisrouanun
1261 325 1365 404 me.
1392 325 1494 404 un.
1540 329 1679 412 ross.
2181 351 2263 426 oss
2331 299 2332 306 Ν

215 525 286 580 cae.
338 496 445 568 Plura
463 497 724 568 scriberenune
747 521 822 566 non
845 498 955 588 potui.
1007 497 1105 570 Rene
1122 501 1210 572 vale.
1264 497 1347 568 Non
1375 512 1447 570 tarn
1478 522 1685 592 oppugnare
1708 521 1815 603 quam
1839 525 2008 606 seponere
2037 512 2267 593 horridiores

216 599 305 682 Die,
342 625 413 692 quo
428 595 679 691 Hieronymus
696 593 950 670 Striduncusis
967 618 1129 674 mortuus
1150 615 1213 687 est,
1266 607 1488 693 quaestiones
1520 605 1632 682 volui.
1692 608 1771 682 Scis
1803 615 1919 701 enim,
1959 621 2098 690 turbari
2123 624 2268 694 animoa

197 707 316 778 'anno
344 701 466 774 aetatis
493 725 577 770 suae
605 702 833 790 norragesimo
862 703 995 793 primo,
1033 707 1089 774 vic
1122 695 1213 778 bene
1267 701 1480 796 labyrinthis
1498 707 1640 778 illarum
1664 713 1958 804 disputationum.
2011 721 2121 792 Mitto
2147 739 2271 796 autem

220 804 368 878 meritus
383 805 427 873 de
442 799 620 887 Ecclesia,
653 803 710 872 cui
729 817 846 872 tamen
869 829 945 874 non
958 807 1086 876 melior
1101 808 1212 898 gratia
1267 819 1301 874 et
1318 799 1492 899 χάριτας,
1526 833 1613 902 quas
1636 810 1816 888 exhibebit
1837 820 1904 892 tibi
1936 838 2058 896 noster
2078 821 2270 900 Hem-icus

222 907 360 978 reddita
379 920 447 988 est,
471 930 577 998 quam
593 905 714 976 multis
730 907 956 977 mediocriter
970 903 1039 978 hoc
1055 921 1213 1000 tempore
1269 908 1409 1000 utrique
1442 911 1654 984 carissimus.
1721 917 1834 1011 Spero
1871 923 2051 1018 colloquio
2085 943 2215 1000 vestro
2242 947 2271 1000 et

222 1008 456 1078 servientibus
483 1009 519 1076 in
549 1007 803 1098 propagatione
833 1011 1088 1082 doctrinarum.
1143 1010 1228 1082 Sed·
1268 1007 1393 1080 Musas
1412 1026 1448 1082 et
1469 1009 1622 1092 ebaritas
1643 1018 1893 1112 interfuturas3
1912 1051 1990 1096 nec
2021 1043 2170 1100 uetiam
2196 1034 2272 1102 illas

150 1139 151 1144 ¹
222 1107 484 1190 hicielixfnit‚
518 1111 579 1201 qui
597 1111 719 1197 procul
734 1111 770 1176 in
789 1111 911 1180 villam
928 1108 1213 1184 Bethlemiticam
1267 1111 1389 1182 atticas
1416 1116 1569 1206 sculptas
1591 1141 1610 1186 a
1632 1117 1795 1210 Socrate,
1837 1129 1895 1194 sed
1924 1127 2034 1200 etiam
2058 1125 2185 1224 χάριν
2207 1141 2270 1206 τοῦ

224 1235 259 1282 se
278 1209 500 1296 abdimum
524 1211 563 1277 in
578 1209 662 1280 Asia
682 1213 968 1285 doctissimorum
991 1217 1214 1286 sermonibus
1269 1209 1354 1284 υἱοῦ
1394 1214 1499 1290 θεοῦ.
1565 1217 1663 1292 Beue
1699 1227 1777 1296 vale
1816 1241 1853 1297 et
1885 1232 2049 1304 rescribe.
2115 1233 2269 1310 Caleud.

223 1313 436 1384 levationem
457 1326 616 1382 senectae
639 1315 830 1406 quaesivit,
862 1313 1093 1403 Nazianzeui,
1123 1315 1215 1409 Epi·
1270 1311 1419 1386 Octobr.
1470 1319 1628 1393 Salutem
1647 1339 1732 1416 opto
1750 1330 2049 1415 vobisomuibus,
2083 1359 2125 1405 ac
2154 1343 2269 1408 nomi.

223 1409 348 1507 pbauii
377 1428 411 1484 et
439 1413 605 1486 aliorum.
670 1415 838 1488 Mortuus
866 1433 917 1488 est
939 1433 1056 1489 autem
1079 1443 1214 1490 aunoa
1270 1419 1379 1487 natim
1396 1421 1531 1494 doctori
1545 1417 1671 1508 Scuto,
1705 1430 1806 1502 cuius
1821 1435 1953 1522 patriae
1968 1439 2133 1526 gratulor
2150 1467 2267 1512 vocem

223 1529 307 1586 nato
323 1509 457 1586 Christi
473 1539 514 1584 ex
530 1515 668 1607 virgine
684 1517 772 1590 420.
805 1518 1027 1610 Augustinus
1042 1545 1137 1592 anno
1154 1524 1216 1592 de-
1270 1516 1466 1610 Evaugelii.
1520 1522 1629 1600 1559.

226 1619 317 1688 cimo
333 1630 412 1710 post
426 1630 589 1690 mortuns
605 1633 666 1690 est.

222 1857 399 1872 tur—m

224 1985 429 2097 'nassae

227 2127 441 2164 w

525 2223 620 2315 Iao.
651 2229 911 2342 Bordingo.
1012 2199 1013 2204 .

293 2387 489 2460 Fragmentum
513 2385 592 2456 epist.
614 2407 629 2444 s
648 2388 739 2460 Mylio
765 2389 793 2443 in
815 2391 984 2516 Cironoloq.
1005 2397 1131 2468 scriptor.
1150 2399 1214 2454 Me-

324 2455 408 2540 lqntb.
428 2465 546 2510 auratae
564 2456 597 2537 ΙκΙ
617 2476 680 2540 apo.
695 2457 772 2511 1⁵59.
792 2489 820 2500 -
869 2462 943 2518 idern
977 2479 1149 2588 coqnenturn
1164 2469 1215 2524 de-

325 2523 607 2580 anamarteton·
632 2547 658 2579 m
679 2539 795 2596 poemat.
827 2551 916 2652 praee.
1007 2555 1034 2590 ι.

1368 2337 1457 2410 ttptu.
1475 2339 1523 2396 lib.
1542 2341 1575 2396 V.
1594 2360 1622 2414 p.
1634 2341 1686 2396 m
1699 2363 1741 2418 sq.
1808 2373 1809 2376 ¹

440 2593 447 2606 ·
509 2594 515 2606 ·
755 2599 761 2612 .
941 2536 1031 2617 (Bas.
1058 2537 1144 2606 1⁵66.)
1190 2549 1216 2592 a
1269 2491 1473 2612 Illflsitu'ss·
1503 2510 1536 2570 sl
1560 2495 1881 2624 Rfvereudissimo
1911 2505 2090 2635 Prinfip1‘
2113 2550 2160 2596 αθ
2181 2523 2251 2598 D„

325 2591 829 2663 mmmmEi'T⁰¹'⁰⁰'G”‘⁰¹'⁶¹⁵
850 2579 1214 2676 'V¹u·l⁸³³¹¹·¹⁰¹·¹i⁵⁴·l
1268 2623 1387 2683 mmo,
1436 2597 1516 2677 Du.
1554 2601 1855 2704 Sigasmundo
1893 2611 2120 2718 archiepisc.
2161 2625 2251 2700 Mei-

324 2663 428 2784 t·y⁸⁶⁴·
1270 2697 1418 2797 deburg.
1456 2697 1622 2778 Prciuoti
1655 2703 1776 2784 Germ.
1813 2709 2135 2798 Adminislrolori
2159 2731 2251 2804 Hol-

1269 2799 1427 2874 berstad.
1454 2803 1606 2884 March.
1633 2807 1825 2890 Brundeb.
1852 2815 1956 2892 Daci
1976 2819 2119 2906 Pumer.
2136 2843 2189 2906 etc.
2220 2849 2249 2906 et

1268 2901 1427 2978 Silesiaa
1459 2903 1675 3008 Barggruv.
1709 2909 1843 2992 Non't.
1864 2933 1925 2996 etc.
1979 2925 2016 3000 S.
2042 2929 2086 3008 D.
2110 2929 2237 3032 Philip.

1672 3013 1861 3095 Melanth.

1267 3143 1392 3227 Multa
1421 3159 1559 3252 sapiens
1582 3178 1735 3238 vetustas
1768 3174 1905 3246 utiliter
1926 3185 2126 3270 constituit,
2160 3215 2242 3282 quae

1267 3259 1438 3350 paulatim
1458 3263 1496 3330 in
1520 3260 1585 3334 liac
1611 3268 1847 3346 inconstantia
1876 3303 1996 3352 rerum
2023 3283 2246 3362 humanarum

460 2805 530 2890 ‘Ad
552 2817 647 2898 Iac.
676 2819 974 2922 Burdingum.

222 2957 339 3042 Mitto
371 2971 437 3040 tibi
465 2973 792 3063 interpretationem
826 3003 985 3068 graecam
1012 2982 1213 3060 &assessio-

222 3073 280 3142 nis
295 3072 348 3167 *),
387 3073 463 3142 sine
484 3073 563 3143 meb
587 3077 737 3147 consilio
758 3083 902 3152 editam.
953 3083 1072 3157 Probo
1096 3103 1213 3160 tamen

221 3170 388 3266 phrasin,
427 3199 468 3242 ac
495 3176 575 3242 misi
612 3174 950 3274 Constantinopolin
993 3211 1056 3277 per
1097 3191 1212 3262 virum

222 3278 387 3360 doctum,
420 3277 480 3368 qui
499 3277 550 3344 ibi
565 3275 718 3348 Diaconi
744 3282 858 3354 officio
878 3285 1057 3376 iungitur,
1092 3307 1125 3361 ct
1142 3307 1213 3364 tota

224 3391 353 3446 aestate
382 3389 503 3446 noster
532 3373 659 3467 hospes
686 3379 769 3467 suit,
810 3409 850 3454 ac
870 3391 1046 3476 narravit,
1085 3395 1214 3466 multas

221 3474 339 3550 aditur
353 3475 528 3549 Ecclesiae
545 3481 583 3549 in
596 3477 681 3552 Asia
696 3497 729 3555 et
744 3487 781 3554 in
797 3485 830 3556 T
832 3482 949 3560 bracia
966 3505 999 3562 et
1017 3495 1143 3566 vicinis
1157 3521 1213 3569 re-

221 3581 389 3671 gionibus
423 3601 513 3666 esse,
549 3585 610 3651 sed
648 3587 818 3678 paulatim
854 3609 999 3686 propter
1036 3601 1213 3673 servitutis

220 3705 408 3754 aerumnas
423 3684 577 3754 diminui
590 3685 836 3783 frequentiam.
854 3708 916 3767 etc.

220 3905 1078 3939 mmm„
1081 3929 1189 3942 ......

221 4049 288 4126 No.
306 4054 420 4130 6833.

224 4148 395 4178 Μ

508 4257 631 4346 Atat.
664 4260 923 4350 Praetorio.

220 4417 226 4424 ’
321 4431 343 4500 †
362 4431 397 4485 Er
415 4451 511 4508 apogr.
529 4437 557 4491 in
577 4437 639 4494 eod.
660 4432 745 4495 Paris.
764 4437 801 4494 D.
814 4435 844 4496 l..
865 4443 924 4500 54⁸.

220 4618 224 4633 ·
270 4583 454 4660 abdiae
488 4585 758 4681 Praetorio,
796 4592 950 4671 Lectori
976 4603 1015 4674 in
1045 4603 1159 4679 Acod.

539 4691 887 4797 Francosordinno.

219 4823 266 4912 S.
290 4837 334 4918 D.
385 4841 596 4920 Doctissime
614 4850 670 4919 vir
685 4863 719 4922 et
732 4853 850 4928 cariss.
866 4855 983 4926 scater.
1042 4857 1206 4951 Respon-

217 4941 334 5032 siones
356 4971 449 5018 meas
481 4953 524 5020 de
545 4945 714 5023 Bavarica
747 4955 979 5050 inquisitione
1004 4960 1068 5028 tibi
1093 4964 1205 5052 mitto,

217 5057 250 5114 et
270 5043 370 5119 mitto
404 5063 444 5120 ut
476 5051 603 5138 indici,
635 5080 675 5124 ac
707 5071 806 5148 peto,
841 5074 880 5130 ut
911 5055 998 5128 mihi
1020 5062 1204 5154 significes,

212 5149 416 5238 praesertim
432 5149 513 5248 caepi
530 5151 719 5244 ἑκουσίου,
752 5185 799 5228 an
818 5155 908 5230 hanc
924 5161 1203 5258 explicationem,

213 5273 320 5342 quam
350 5251 459 5330 wvides
499 5259 693 5330 verecunde
727 5262 893 5352 scriptam
931 5289 1021 5352 csse,
1062 5271 1201 5358 probes.

1269 3361 1455 3451 posteritas
1482 3379 1543 3436 aut
1564 3369 1735 3460 neglexit,
1775 3393 1836 3448 aut
1857 3387 2031 3476 corrupit.
2091 3391 2249 3486 Exempla

1267 3469 1533 3536 cocornemorari
1563 3473 1673 3542 multa
1699 3498 1840 3566 possent
1868 3486 1962 3554 etin
1985 3487 2249 3567 Ecclesiastin

1267 3565 1414 3655 lieguis.
1466 3565 1563 3658 Quid
1579 3573 1646 3646 suit
1663 3574 1847 3666 pulchrius
1861 3584 1899 3654 in
1917 3587 1979 3658 illu
1995 3592 2143 3687 fastigio
2159 3625 2251 3690 geue·

1266 3668 1315 3736 ris
1335 3665 1501 3755 humani,
1535 3699 1640 3766 quam
1664 3701 1744 3749 curn
1762 3680 1944 3773 Augustus
1968 3693 2185 3784 dignitatern
2202 3706 2253 3775 Se·

1266 3783 1372 3840 natus
1385 3769 1522 3843 Romae
1536 3790 1712 3864 tueretur,
1745 3786 1886 3876 etipse,
1921 3795 2019 3866 velut
2035 3797 2150 3873 Pater
2166 3831 2248 3896 praa·

1266 3872 1406 3958 sidens,
1440 3878 1484 3944 de
1509 3881 1706 3971 praecipuis
1727 3887 1832 3958 rebus
1854 3889 2024 3967 Senatum
2049 3911 2253 3994 corretrleret,

1266 3977 1404 4048 sauclirct
1427 3981 1553 4049 ordine
1577 3981 1785 4075 Sapientum
1815 3999 2023 4086 seriteutias,
2068 4007 2207 4097 legeret
2227 4015 2254 4078 iu

1117 4127 1125 4142 .
1204 4128 1211 4144 .
1264 4071 1361 4148 hunc
1378 4094 1515 4150 coetum
1541 4084 1636 4156 viros
1652 4089 1822 4178 sapientia
1839 4108 1874 4166 et
1890 4099 2020 4172 virtute
2041 4117 2257 4182 antecellan-

1264 4192 1334 4260 tes,
1367 4180 1450 4249 inde
1476 4201 1630 4256 sumeret
1651 4183 1825 4262 Ductores
1845 4201 2084 4294 exercituum,
2122 4233 2159 4286 et
2185 4245 2257 4309 pro·

1263 4281 1460 4352 vinciacum
1471 4283 1657 4374 Rectores,
1678 4292 1847 4366 iustitiam
1858 4299 2119 4395 intelligentes,
2143 4343 2259 4387 arnan·

1263 4396 1314 4454 tes
1330 4397 1366 4454 et
1378 4402 1658 4476 propugnantes,
1679 4395 1927 4490 denique'cum
1938 4404 2161 4490 Monarchia
2178 4433 2259 4490 tem-

1262 4499 1382 4576 pecata
1410 4502 1497 4557 esset
1523 4487 1766 4566 Aristocratia.
1819 4501 1962 4592 Postea,
1997 4537 2078 4583 crim
2108 4518 2260 4592 Senatus

1261 4587 1430 4657 autoritas
1449 4611 1470 4658 a
1492 4589 1672 4686 Tyrannio
1695 4601 1948 4694 negligeretur,
1983 4615 2076 4704 leges
2091 4623 2260 4695 deleren-

1262 4701 1337 4772 tur,
1369 4703 1402 4760 ct
1419 4694 1626 4780 proviuciae-
1636 4704 1861 4777 traderentur
1875 4719 2048 4800 regendae
2066 4721 2263 4798 levissimis

1260 4784 1483 4879 bominibus,
1519 4800 1640 4890 quiin
1663 4802 1783 4875 lustris
1807 4823 1841 4880 et
1856 4817 1975 4900 ganeis
1995 4817 2261 4912 Tyrannorum

1258 4893 1414 4964 ministri
1434 4897 1590 4984 sueram,
1625 4906 1817 4982 seditiones
1833 4919 1865 4982 et
1888 4916 1982 4988 bella
1998 4922 2122 4998 civilia
2139 4951 2260 5003 secuta

1256 5012 1359 5076 sunt,
1393 4999 1522 5092 quibus
1545 5005 1734 5094 imperium
1767 5015 1907 5102 penitus
1930 5022 2171 5102 dilaceratum
2202 5055 2263 5107 est.

1256 5095 1308 5170 lta
1332 5096 1481 5192 pulcher
1502 5109 1592 5174 ordo
1613 5106 1651 5178 in
1666 5105 1910 5192 Ecclesia'fuit
1925 5137 1964 5194 ut
1984 5131 2119 5214 gradm
2140 5153 2260 5206 essem

1252 5196 1534 5294 Episcoporum,
1567 5223 1600 5280 et
1615 5210 1782 5301 sciruur,
1813 5221 1857 5290 ad
1880 5245 1970 5314 quos
1987 5241 2261 5310 controversiae

1253 5304 1464 5375 deserendae
1485 5324 1632 5394 esunt,
1652 5337 1805 5406 quorum
1829 5347 1956 5396 nsunus
1975 5347 2081 5417 esset,
2115 5363 2258 5410 conso-

1122 5453 1126 5460 .
1251 5430 1329 5476 care
1344 5405 1525 5500 Synodos,
1551 5427 1584 5482 et
1603 5415 1754 5503 legitima
1771 5421 1901 5496 iudicia
1911 5433 2141 5510 constituere.
2183 5445 2256 5514 Ne·

243 5509 272 5581 *J
292 5501 417 5568 Genius.
430 5515 613 5587 domnanae.

1221 5493 1229 5580 l
1250 5530 1341 5580 cesse
1359 5523 1409 5580 est
1425 5510 1520 5582 enim
1538 5515 1577 5585 in
1592 5513 1750 5594 Ecclesia
1767 5535 1799 5596 et
1813 5527 1857 5598 de
1874 5530 2035 5606 doctrina
2051 5554 2086 5610 et
2099 5544 2151 5613 de
2170 5575 2255 5616 cere
