4738 6186
241 341 319 422 051
821 305 1259 397 nrrsromauu
1294 313 1419 392 mo.
1451 311 1558 394 xm.
1611 313 1744 408 roso.
2195 331 2248 408 m

248 521 369 600 deerit
392 511 461 590 tibi
481 529 603 580 meum
631 497 810 583 officium,
842 513 1049 592 quanquam
1075 512 1117 560 ea
1141 487 1186 556 de
1211 507 1252 556 re
1314 501 1349 560 et
1363 511 1478 560 meam
1493 490 1774 582 responsionem,
1801 484 2137 584 acsperoThmnum
2146 493 2248 591 Argen-

253 630 363 704 etiarn
387 615 520 690 certios
540 621 690 692 statues,
723 623 805 672 cum
828 597 975 670 redierit
999 583 1260 686 pastorEcclc·
1313 603 1546 677 toratensem,
1571 593 1631 662 rui
1644 592 1797 678 tradidi,
1820 593 1971 667 fideliter
1984 598 2179 670 redditumm
2192 627 2250 675 esse.

256 736 332 806 siae
355 708 628 795 Heniochenac.
680 703 866 796 Principes
888 690 1156 790 Hennrbcrgr'ri
1180 713 1264 763 rur·
1315 692 1420 764 Nunc
1443 694 1562 763 scribo
1585 695 1629 764 de
1651 695 1730 764 viro
1753 690 1902 768 honesto
1924 709 1959 766 et
1980 699 2108 770 erudito
2128 699 2252 790 Doctore,

258 857 341 914 m,
365 839 555 922 postquam
568 809 656 884 hinc
671 807 810 892 abiisti,
833 805 877 876 ad
893 827 950 874 me
965 800 1202 893 scripserunt,
1228 804 1264 862 et
1315 789 1481 870 ΝἰιοΙαο
1494 788 1696 878 Rcinltolt,
1719 793 1876 892 Gygaeo,
1903 799 1966 893 qui
1980 795 2036 869 hic
2052 800 2196 892 privatim
2210 804 2253 874 lu·

263 945 392 1034 petunt
408 937 585 1020 pastorem
601 913 697 986 mitti
718 911 756 980 in
774 931 923 1002 pagum,
945 902 1007 976 ubi
1026 902 1164 973 reditus
1181 906 1266 968 sunt
1317 897 1518 970 stitutiones
1535 896 1626 968 luris
1643 898 1907 993 interpretatur,
1933 915 1968 973 et
1980 903 2141 974 auditores
2152 907 2253 976 utiliter

264 1034 446 1126 „aginta
460 1042 664 1096 aureorum.
697 1013 736 1087 si
754 1009 834 1106 quis
851 1009 929 1080 istic
946 1007 1023 1076 vult
1038 1007 1082 1075 acl
1103 1027 1178 1072 eam
1195 993 1284 1070 Es·
1318 1004 1432 1074 docet.
1472 997 1566 1072 Petit
1581 1013 1698 1073 autem
1716 1003 1835 1074 locum
1849 1003 1942 1074 inter
1955 1018 2109 1090 caeteros,
2131 1007 2254 1100 qniscri·

264 1143 409 1214 ‘tutam
425 1122 622 1226 proficisci,
647 1119 692 1189 ad
705 1140 762 1186 me
779 1114 910 1188 veniat.
954 1107 1052 1180 Bene
1069 1105 1158 1176 vale.
1199 1099 1268 1172 Die
1320 1107 1413 1174 bunt
1438 1105 1643 1179 sententias.
1692 1102 1775 1176 Non
1801 1101 2026 1178 sumo'mihi
2056 1107 2203 1180 iudicium
2227 1112 2255 1178 de
2310 1105 2311 1184 l

342 1239 355 1257 ι
1321 1207 1437 1276 aliena
1460 1207 1696 1296 professione,
1723 1210 1783 1278 sed
1804 1221 1889 1300 opto
1914 1210 2039 1279 florere
2058 1211 2197 1281 omnium
2213 1211 2256 1280 do·
2310 1251 2311 1318 t

1322 1309 1516 1379 ctrinarum
1538 1311 1677 1395 studia,
1702 1324 1826 1382 etsnm
1847 1306 2006 1383 hortator
2026 1311 2215 1397 iunioribus,
2231 1328 2257 1382 ιι
2310 1319 2311 1324 ’

1322 1425 1443 1482 ament
1465 1421 1501 1480 et
1524 1424 1740 1482 venerentur
1764 1413 1858 1504 leges
1885 1427 1921 1484 et
1947 1411 2210 1499 Iurisconsultos,
2236 1429 2257 1483 ct

1263 1566 1272 1585 .
1325 1515 1439 1584 fontes
1454 1509 1601 1599 discant,
1622 1513 1818 1585 multorum
1834 1515 1940 1586 etiam
1954 1515 2142 1586 barbariem
2156 1517 2257 1586 etule-

862 1705 871 1723 .
1133 1618 1270 1648 Μ
1326 1616 1397 1688 tavi
1414 1627 1449 1684 et
1463 1615 1632 1706 repressi,
1657 1617 1720 1709 qui
1736 1616 1853 1706 legum
1871 1617 2090 1688 autoritatem
2106 1617 2257 1686 labefactari

595 1711 647 1800 U.
680 1705 961 1796 Mordetseu.
1327 1717 1555 1790 conatisunt⁴
1606 1716 1745 1806 Quare,
1770 1733 1808 1789 ut
1828 1713 1917 1788 mihi
1935 1720 2066 1812 petenti
2079 1743 2137 1810 pro
2150 1715 2256 1788 Doctorc
2310 1781 2311 1796 ,

348 1891 425 1952 utta
437 1905 468 1940 ιι
480 1873 650 1957 :olographa
660 1868 739 1938 (otim
753 1863 782 1918 tn
796 1861 961 1918 bittinum
976 1856 1072 1914 adanu
1085 1848 1276 1973 christophori
1327 1813 1582 1892 Nicotaonon
1601 1821 1839 1909 arrogantiam
1855 1835 1916 1890 aut
1934 1822 2151 1892 temeritatem
2166 1820 2256 1888 tribu·
2310 1869 2311 1890 ι

382 1953 496 2016 tscobt,
516 1923 1180 2053 θοιιιιιίιιὶἱΕΙιοι.διιᾶιῠιοιάιιὲἀιιιιὶίριιῶ
1201 1920 1277 2041 llll}
1328 1923 1393 2008 fis,
1424 1945 1500 1994 om·
1552 1919 1622 1992 Sed
1647 1947 1729 1992 cum
1751 1923 1826 1992 eius
1849 1923 2069 2014 diligentiam
2092 1923 2128 1994 in
2146 1921 2259 1991 docendo
2310 1911 2311 1980 p

383 2007 1223 2154 hiiinfffflffeil⁰aihhhiiqh'iislisuliiim'ifhcii.
1237 2057 1277 2126 a.)
1328 2023 1469 2094 laudari
1500 2023 1716 2110 audiverim,
1749 2039 1783 2096 et
1815 2025 1941 2111 sciam,
1971 2027 2086 2096 virum
2115 2023 2258 2095 modestm

385 2187 412 2242 Ρ.
427 2161 485 2220 tat.
1330 2149 1421 2208 esse,
1446 2139 1481 2196 et
1495 2149 1650 2217 sperem,
1675 2126 1858 2198 assiduum
1872 2127 1970 2214 lore,
1996 2153 2077 2214 oro,
2100 2139 2135 2197 ut
2148 2150 2210 2194 eum
2223 2122 2258 2190 ad·

403 2249 410 2262 ¹
640 2303 648 2324 ,
688 2299 698 2320 ‚
887 2292 926 2313 ,,
980 2288 989 2308 ,
1131 2287 1139 2305 .
1332 2227 1470 2300 iuvetis.
1506 2225 1637 2297 Precor
1653 2242 1768 2298 autem
1781 2227 1908 2315 Deum,
1932 2243 1976 2301 ut
1991 2225 2113 2300 harum
2129 2227 2257 2319 regiomo

282 2329 346 2412 Ul
355 2325 450 2403 rico
477 2307 534 2390 M
539 2303 623 2384 ord
631 2325 728 2376 asan
753 2286 1155 2398 (Com1110r10D“⁶²⁸
1183 2282 1279 2357 S‘w'
1331 2327 1506 2400 Ecclesiae
1528 2342 1560 2397 et
1585 2327 1732 2399 Potitius
1752 2332 1923 2420 gubernet
1947 2346 1983 2404 at
2008 2343 2164 2426 protegat.
2201 2323 2258 2394 Bm

679 2399 850 2495 'Elam
1071 2437 1077 2446 '
1333 2433 1456 2508 valete.
1509 2427 1575 2504 Die
1591 2429 1626 2503 4.
1642 2431 1852 2504 Novembris
1871 2429 1984 2504 1558.

286 2554 499 2646 clarissime
508 2551 608 2619 viret
617 2541 773 2612 Patrone
788 2532 949 2604 colende.
976 2527 1085 2599 Mitto
1100 2514 1281 2596 cternd-
1670 2557 1673 2562 ·
1834 2531 2025 2630 Philippu,
2042 2525 2226 2606 Melanthos,

285 2661 413 2772 gravii
426 2661 561 2731 litteras
575 2661 610 2717 et
625 2665 741 2713 meam
757 2635 1045 2728 responsionem,
1070 2630 1114 2698 de
1129 2650 1198 2720 qua
1218 2648 1282 2716 po·
1343 2652 1345 2656 ·

287 2773 373 2850 teris
389 2759 479 2836 mihi
496 2749 714 2844 significare,
739 2765 784 2811 an
803 2749 942 2831 practer
958 2729 1043 2803 haec
1058 2731 1103 2800 ad
1119 2752 1200 2798 eum
1216 2726 1283 2796 ali-

289 2874 381 2973 quid
413 2861 569 2980 scribere
595 2845 723 2918 velitis.
784 2839 827 2958 lp
852 2835 909 2958 his
936 2833 1100 2954 pagellis,
1132 2851 1281 2924 quarum
1336 2888 1528 2964 Nouem
2180 2882 2253 2956 5¹50..

290 2977 383 3048 vidit
399 2968 545 3040 inimum
560 2953 606 3026 D.
621 2943 852 3018 Laurentius
867 2965 923 3008 vm
945 2939 1176 3015 clarissimus,
1200 2952 1285 3000 nar·
1344 2985 1513 3015 w„
2176 2973 2253 3008 Μ

317 3115 320 3121 ,
348 3078 357 3095 ·
474 3059 478 3065 “
832 3034 1285 3112 mWormatiensiumre-
1462 3063 1464 3067 v
1718 3075 1727 3095 .

292 3055 691 3264 {ptigilssgzffilgffiffl
701 3061 914 3240 riglllilleest,
950 3135 1156 3212 Adversarii
1172 3131 1285 3203 nostri
1525 3071 1724 3160 Imm
1755 3071 1953 3160 Albem
1984 3076 2048 3161 D·
2076 3073 2138 3162 M·

294 3305 371 3353 non
393 3275 563 3362 expetunt
584 3252 822 3346 colloquium,
848 3247 906 3315 sed
934 3257 1052 3316 tamen
1067 3237 1205 3310 ostendi
1224 3259 1287 3328 po-
1409 3251 1445 3304 Ει
1464 3258 1569 3318 autogr.
1591 3249 1619 3302 in
1640 3249 1725 3304 cabul.
1743 3249 1851 3307 suerin.
1873 3251 1944 3306 edita
1965 3251 1994 3308 ιιι
2014 3229 2261 3306 Μοιιιιιιιιιιιιιιιὶι

296 3395 385 3462 test,
413 3395 499 3451 nos,
524 3355 729 3457 praesertim
754 3350 785 3420 si
805 3348 942 3442 aliquid
966 3344 1097 3414 serium
1116 3352 1289 3429 ageretur,
1438 3319 1779 3459 fflquljieofflpqzuppm
1811 3305 2266 3460 eliffil'ssss,‚9i'''1bti⁵⁰fjf,{',‘,l,ll²lh

299 3506 374 3554 non
402 3474 585 3545 defuturos
608 3483 681 3530 esse
703 3451 884 3548 communi
913 3442 1175 3539 tranquillitati.
1225 3438 1289 3510 Li·
1442 3457 1584 3538 auctarin.
1601 3457 1893 3528 Faerstemanm)...
1928 3439 2268 3530 Contuliapogrdncdle

299 3591 428 3657 beuter
442 3581 478 3644 et
492 3571 536 3640 ab
553 3565 626 3634 illis
643 3559 865 3650 Papistarum
888 3549 1018 3621 fucosis
1036 3543 1236 3616 actionibus
1256 3552 1290 3610 et
1439 3545 1486 3580 ¹¹⁸·
1503 3525 1539 3586 ⁰·
1555 3526 1585 3581 ¹⁴·
1604 3524 1668 3580 ⁵4³·

301 3675 535 3790 sycophantia
563 3659 755 3737 Ftaciana
788 3656 981 3770 discedam·
1005 3648 1291 3744 quandocunque
1409 3679 1589 3755 Ioanni
1609 3679 1820 3766 Albula,
1845 3677 2235 3782 DuciMegapomm

304 3811 361 3859 me
383 3783 481 3854 Deus
500 3770 679 3846 discedere
693 3763 789 3832 volet
811 3757 868 3826 vel
889 3765 1100 3824 morientem
1121 3748 1179 3816 vel
1206 3768 1292 3814 exu-

302 3893 448 3961 lantem.
497 3871 660 3946 Moriens
676 3863 837 3935 accedam
854 3859 898 3927 ad
915 3850 1072 3926 scholam
1094 3849 1157 3918 filii
1177 3847 1242 3919 Dei
1259 3859 1294 3914 et
1345 3824 1393 3912 S·
1417 3833 1462 3905 D·
1488 3829 1492 3840 ’
1514 3832 1755 3905 lllustrissime
1788 3847 1822 3904 et
1853 3835 2123 3908 clementissime
2153 3825 2272 3920 princeps.

306 3991 471 4062 coelestes
485 3971 679 4053 Ecclesias,
704 3965 850 4034 exulans
863 3957 1045 4028 inveniam
1058 3953 1133 4025 Deo
1148 3951 1294 4020 iuvante
1346 3939 1447 4020 seio,
1472 3934 1687 4008 Celsitudini
1705 3949 1839 4006 vestrae
1854 3951 1981 4008 notum
2000 3963 2073 4008 esse
2088 3945 2217 4002 veterem
2229 3937 2274 3985 rcr-

306 4087 503 4181 hospitium
519 4076 612 4170 apud
626 4068 789 4140 meliores
803 4056 957 4144 Flauio,
981 4060 1043 4152 qui
1065 4053 1234 4134 minatur,
1259 4071 1295 4118 se
1346 4066 1440 4111 sum:
1477 4039 1654 4131 Principis
1689 4053 1740 4109 est
1774 4039 1886 4109 virtus
1922 4042 2074 4110 maxime
2101 4054 2190 4106 nosse
2216 4037 2276 4092 suot

309 4193 566 4288 perfecturum,
603 4187 644 4244 ut
670 4185 743 4240 tota
776 4163 971 4235 Germania
1000 4156 1165 4250 expellar.
1217 4147 1314 4222 Oro.
1348 4167 1453 4239 quem
1475 4165 1614 4210 versum
1633 4156 1751 4210 tamen
1767 4135 1948 4235 Stigclr'us
1974 4155 2070 4213 recte
2090 4131 2228 4207 emendat
2239 4117 2278 4188 hot

2176 2730 2249 2753 ..a-‘⁴'

309 4301 444 4374 Deum,
477 4297 518 4355 ut
547 4299 615 4350 nos
641 4284 739 4359 regat
761 4281 866 4360 atque
885 4271 1000 4354 'tegat
1049 4257 1149 4332 Beue
1173 4255 1298 4340 valete,
1349 4247 1474 4316 modo:
1501 4242 1678 4334 Principis
1699 4258 1748 4312 est
1766 4243 1878 4314 virtus
1892 4245 2048 4312 maxima
2067 4260 2162 4310 nosse
2175 4211 2280 4342 druul-

311 4400 369 4472 die
385 4391 421 4468 4.
437 4383 629 4462 Novembr.
648 4369 757 4446 1558.
1350 4345 1474 4416 Postea
1500 4369 1574 4414 non
1591 4345 1680 4413 male
1699 4345 1844 4415 additur
1860 4343 1904 4436 ²):
1949 4343 2126 4435 Principis
2148 4348 2192 4406 est
2209 4335 2281 4395 udd

813 4463 1004 4558 Philippus
1020 4455 1246 4535 Melanthon.
1351 4449 1459 4518 altera
1475 4471 1577 4516 nosse
1599 4471 1692 4521 suos.
1743 4443 1809 4517 Est
1822 4462 1939 4518 autem
1955 4447 1994 4516 iu
2010 4441 2187 4518 Academia
2203 4437 2282 4499 nostra

1352 4546 1481 4621 Simon
1497 4543 1632 4634 Pauli,
1658 4562 1762 4618 natus
1783 4549 1821 4618 in
1845 4549 1977 4640 oppido
1993 4547 2142 4621 Suerino
2160 4563 2194 4608 es
2209 4527 2284 4602 hott*

313 4663 1299 4724 W
1353 4653 1415 4724 stis
1438 4651 1663 4745 parentibus,
1689 4651 1749 4744 qui
1775 4651 1905 4720 multos
1921 4647 1980 4720 hic
2002 4650 2135 4720 utiliter
2156 4633 2285 4709 docentl

1165 4803 1200 4872 4.
1218 4800 1299 4866 Nor.
1353 4779 1434 4827 cum
1450 4749 1479 4852 3)
1497 4755 1598 4824 inilia
1616 4753 1644 4844 ⁴)
1661 4747 1909 4845 philosophiae
1925 4767 2002 4823 turn
2021 4776 2103 4822 vero
2117 4742 2143 4842 ⁸)
2158 4728 2286 4842 Ecclesiae

317 4827 529 4968 Q
1171 4893 1301 4922 Μ
1353 4858 1551 4929 doctrinam
1567 4869 1659 4926 recte
1677 4855 1795 4928 tradit.
1828 4853 1896 4926 Hic
1911 4853 2038 4926 Simon
2053 4873 2129 4924 rum
2145 4837 2287 4914 intellem

714 4981 896 5070 Eidem.
1353 5017 1564 5036 ...-

413 5139 499 5214 Epist.
521 5133 568 5189 lib.
583 5127 616 5184 V.
634 5147 659 5198 p.
676 5126 724 5180 165
736 5145 779 5196 sq.
1390 5107 1415 5171 l)
1435 5101 1571 5171 Wcstph.
1589 5101 1714 5156 demum,

1387 5187 1416 5256 2)
1433 5195 1532 5250 postea
1546 5201 1603 5234 noo
1616 5185 1691 5236 arcte
1704 5181 1834 5250 additur]
1851 5181 1891 5236 sie
1903 5181 1967 5236 cod.
1978 5181 2044 5238 Par.
2074 5177 2125 5234 set
2132 5163 2243 5236 Warpt·
2254 5167 2290 5210 θ’·

579 5265 748 5343 Utrico
777 5250 1034 5332 Mordisin.
1424 5257 1600 5308 rummare.

914 5345 917 5354 ’
1389 5341 1423 5412 8)
1441 5341 1516 5416 rum]
1537 5335 1671 5408 Westph.
1688 5335 1847 5390 nonhabet.

313 5411 363 5500 S,
385 5417 427 5490 [ι.
462 5403 665 5480 Clarissimo
680 5400 747 5480 vir,
768 5409 802 5466 et
817 5387 1020 5462 charissime
1036 5381 1200 5454 Patrone.
1225 5379 1304 5453 llo·
1388 5427 1419 5496 4)
1438 5425 1530 5492 m]
1550 5421 1685 5493 wem
1703 5421 1846 5474 mmm
1867 5424 1987 5488 pum

314 5530 371 5601 die
388 5517 468 5589 misi
485 5515 529 5584 ad
547 5529 607 5578 vos
622 5491 865 5593 Landgruuir'
877 5493 997 5563 literas
1013 5489 1056 5558 ad
1074 5509 1130 5557 me
1145 5485 1303 5579 scriptas,
1392 5513 1419 5579 5)
1440 5514 1521 5572 m]
1544 5505 1676 5579 vumph,
1691 5515 1728 5564 ,g
