4748 6180
205 277 256 364 so
766 233 1200 362 nrrsrontuuu
1240 279 1356 356 mn
1388 261 1492 362 xnr.
1546 281 1679 364 165⁷.
2191 295 2245 368 so

207 459 314 531 scitis.
368 443 451 550 Quo
466 461 577 550 magis
593 461 722 541 miror,
746 439 808 555 qui
823 459 901 541 liat,
928 461 1111 554 quotltam
1129 459 1198 529 du·
1250 449 1463 552 horridas')
1490 457 1622 529 formas
1650 458 1826 556 loquendi
1850 447 2171 556 reprehenderam,
2204 485 2242 540 et

206 563 295 631 riter
316 587 453 633 mecum
470 563 584 654 agitis.
635 561 674 634 Si
692 587 764 632 non
781 562 951 658 assentiar
968 563 1092 632 vestris
1108 561 1196 630 erti-
1249 559 1428 646 dixeram,
1461 571 1554 633 recte
1582 557 1670 634 dici:
1709 556 1853 634 Debere
1885 589 1952 636 nos
1976 575 2072 638 reeta
2096 568 2239 740 (acere,

94 687 99 696 ·
205 664 306 748 culis,
331 665 553 736 concitabitis
569 667 736 736 adversus
751 689 807 734 me
822 677 971 734 vestros:
998 662 1063 736 Sin
1077 677 1195 733 autem
1249 661 1309 729 ille
1324 655 1366 756 ¹⁰)
1389 659 1428 728 in
1448 663 1619 732 concione
1640 687 1788 753 magnos
1808 665 1953 758 plausus
1969 671 2083 758 ciebat
2126 672 2244 742 oedi-

207 766 396 852 assentiar,
421 767 734 860 querenturmulti
753 767 791 836 in
808 763 1134 864 Ecclesiisnostris‚
1159 788 1196 833 se
1247 775 1321 834 cto:
1347 761 1426 836 ibes
1443 759 1533 856 dtus
1550 761 1587 852 ll'l
1603 763 1773 857 latialem.
1821 763 1872 843 Et
1882 793 2023 864 possem
2037 772 2107 843 alia
2124 775 2238 844 multa

205 890 284 939 mea
310 871 483 940 sententia
505 869 629 943 laesos.
682 867 734 938 lta
758 869 925 960 utrinque
949 862 1039 936 mihi
1055 867 1201 959 pericu-⁴
1225 885 1402 934 narrare.
1806 905 1817 924 .·

206 969 281 1038 lum
305 984 373 1057 est,
407 984 441 1042 et
465 971 595 1042 rectius
615 984 707 1056 erat,
740 965 935 1039 haedere
960 991 1040 1038 cum
1070 969 1195 1040 multis
1348 962 1439 1036 Cum
1463 965 1572 1055 igitur
1590 966 1742 1038 iubentis
1758 970 1876 1042 omitti
1889 973 2126 1068 corruptelas,
2153 1001 2239 1068 pro·

206 1093 318 1162 agere.
370 1071 441 1147 Sed
456 1073 679 1166 respondebo
694 1071 962 1162 simplicissime.
1246 1064 1406 1138 ferantur
1428 1067 1657 1140 nominatim:
1691 1063 1739 1140 Et
1761 1071 1843 1164 quia
1864 1071 1987 1158 video,
2014 1099 2077 1146 vos
2093 1073 2237 1164 longam

306 1170 361 1242 De
396 1175 521 1246 vestris
556 1175 717 1246 articulis
743 1173 896 1264 primum
932 1184 967 1244 et
997 1173 1193 1242 secundum
1246 1169 1351 1238 telam
1373 1170 1417 1238 de
1439 1169 1521 1238 aliis
1545 1169 1703 1240 materiis
1728 1169 1833 1242 etiam
1854 1174 2067 1263 instituisse,
2108 1203 2172 1250 oro
2198 1197 2239 1254 ut

207 1275 417 1364 amplector,
460 1289 495 1348 et
525 1277 563 1348 in
590 1277 745 1346 secundo
770 1273 981 1344 nominatim
1004 1273 1086 1342 volo
1109 1273 1192 1342 addi
1246 1293 1309 1359 pro
1324 1284 1443 1341 nostra
1458 1271 1612 1342 amicitia
1628 1274 1779 1344 candide
1794 1279 2056 1368 vosaperiatis,
2082 1293 2117 1350 et
2130 1281 2238 1352 semel

207 1375 424 1460 Serveticos,
449 1372 766 1471 Thammerieos⁴),
793 1371 1018 1458 Antinomos,
1043 1374 1193 1446 Stenck-
1246 1393 1308 1440 vos
1326 1367 1362 1465 ²¹)
1381 1373 1568 1457 evolvatis‚
1592 1387 1633 1443 ut
1649 1398 1786 1444 mecum
1801 1377 1846 1445 de
1862 1391 1934 1448 tota
1949 1379 2085 1450 actione
2099 1383 2237 1454 delibe-

206 1475 430 1569 leldianos‘),
456 1469 891 1571 Osiandricoslurores⁶).
926 1472 1192 1548 Intertioarti-
1245 1475 1484 1564 rarepossim.
1536 1472 1651 1564 Quale
1668 1469 1736 1545 hoc
1751 1499 1862 1567 genus
1880 1495 1931 1552 est
1948 1481 2236 1574 disputandiin-

206 1579 287 1648 culo
310 1575 398 1648 mihi
420 1605 494 1649 non
516 1581 696 1672 displicet,
723 1602 882 1668 expresse
900 1577 985 1670 poni
1002 1572 1093 1648 hane
1108 1603 1193 1670 pro·-
1245 1589 1299 1645 ter
1312 1576 1465 1648 amicos?
1488 1575 1586 1650 velut
1600 1601 1640 1646 ex
1656 1579 1767 1648 cauda
1783 1581 1912 1676 equina
1926 1581 2234 1678 pilos-excerpere:

205 1681 433 1772 positionem:
466 1677 559 1752 Etsi
576 1681 671 1752 nora
698 1675 903 1750 obedientia
920 1701 959 1749 eo
977 1676 1059 1775 ipso
1073 1703 1192 1750 neces·
1245 1677 1415 1768 paulatim
1437 1703 1508 1748 una
1533 1663 1819 1769 particula'mihi
1843 1689 2173 1776 ereptaprogredi,
2199 1703 2234 1760 et

205 1779 311 1852 saria
340 1791 412 1868 est,
452 1783 542 1884 quio
562 1778 653 1854 ordo
675 1777 823 1853 divinus
847 1781 1018 1852 immotus
1041 1789 1110 1863 est,
1153 1791 1191 1850 ut
1244 1779 1372 1848 deinde
1388 1781 1585 1850 convellere
1598 1781 1704 1849 aliam
1720 1783 1956 1873 particulam?
1987 1783 2119 1860 Extant
2134 1815 2234 1860 meae

207 1892 375 1955 ereatura
392 1881 476 1954 Deo
501 1881 731 1982 obtemperet:
763 1893 793 1954 et
798 1879 913 1978 filius
928 1878 1007 1952 Dei
1022 1907 1096 1954 non
1111 1877 1191 1954 ideo
1243 1881 1448 1966 sentenliae,
1474 1905 1563 1975 quae
1579 1881 1609 1951 si
1626 1905 1699 1951 non
1714 1883 1865 1975 placent,
1891 1888 1977 1980 quid
1995 1913 2084 1980 opus
2103 1906 2154 1961 est
2169 1888 2235 1963 has

205 1984 340 2056 missus
363 1994 395 2056 el
414 2011 552 2086 possus
574 1997 644 2069 est,
678 1995 717 2056 ut
735 1983 856 2056 nocio
868 1993 1192 2082 peceatoetmorte
1243 1983 1507 2056 conciliationes
1539 1983 1747 2072 instituere?
1803 1983 1892 2058 Sum
1917 1991 2044 2060 unicus
2060 1985 2120 2086 ¹²),
2152 1993 2231 2064 sine

204 2111 440 2173 moneamus,
471 2098 502 2158 et
526 2083 782 2182 confirmentur
802 2084 978 2158 teterrimi
998 2081 1189 2158 hominum
1243 2081 1450 2177 Principum
1477 2110 1517 2158 ac
1538 2085 1663 2178 populi
1688 2085 1889 2178 praesidiis,
1921 2105 1956 2160 et
1976 2115 2054 2160 sum
2078 2117 2231 2184 persona

197 2187 368 2286 sorores:
401 2197 433 2259 el
451 2183 498 2282 fil
524 2187 677 2262 donatio
690 2185 855 2286 Spiritus
874 2187 1012 2274 sancti,
1046 2198 1084 2260 ul
1109 2187 1189 2260 obe·
1241 2181 1466 2271 scholastica,
1492 2199 1558 2258 nec
1573 2187 1703 2257 iudicia
1719 2184 1898 2260 Ecclesiae
1913 2193 2067 2281 defugio.

204 2283 346 2360 dicatio
370 2285 576 2375 inchoetur,
610 2290 720 2364 iuxta
744 2285 899 2362 dictum:
936 2287 1053 2361 Dabo
1076 2288 1188 2388 legem
1343 2278 1953 2383 Articulossequentes,'Quartum,
1980 2279 2169 2384 Quintum,
2195 2316 2231 2372 et

202 2415 321 2461 meam
352 2391 392 2462 irs
424 2385 534 2463 corde
559 2417 696 2464 eorum:
739 2409 858 2466 tamen
880 2389 947 2464 hae
969 2387 1091 2486 phrasi
1113 2420 1187 2466 non
1241 2385 1405 2474 Sextum,
1448 2391 1513 2460 etsi
1542 2413 1608 2470 Ποῦ,
1638 2405 1888 2482 praegravant,
1927 2397 2058 2486 recipio
2095 2413 2225 2485 tamen,

204 2508 364 2580 utamur,
388 2491 497 2566 BONA
515 2521 621 2588 opera
637 2509 720 2566 sunt
738 2497 933 2566 necessaria
946 2497 991 2566 ad
1004 2493 1163 2566 salutem.
1241 2491 1322 2582 quia
1347 2493 1485 2581 plagam
1506 2492 1662 2582 accipere
1686 2493 1801 2577 malo,
1843 2521 1949 2587 quam
1972 2499 2085 2568 videri
2108 2503 2225 2572 deesse

302 2594 373 2666 Sed
396 2595 434 2664 iu
457 2599 607 2668 articulo
630 2610 746 2666 vestro
763 2599 974 2688 praecedens
989 2599 1187 2668 membrum
1240 2593 1459 2661 concordiae.
1510 2591 1564 2662 De
1580 2591 1661 2665 Vll.
1682 2588 1775 2662 nihil
1796 2619 1885 2685 opus
1907 2611 1958 2668 est
1973 2623 2066 2669 novo
2083 2603 2224 2692 scripto,

100 2777 101 2781 Ἰ
199 2721 346 2788 prorsus
369 2697 484 2768 omitti
507 2699 607 2782 volo,
633 2699 697 2769 ubi
719 2699 757 2768 in
779 2723 906 2788 genere
923 2699 1040 2770 dicitis
1057 2699 1101 2768 de
1117 2701 1187 2770 tol·
1240 2717 1319 2762 cum
1343 2695 1429 2786 quid
1454 2695 1498 2762 de
1519 2688 1724 2786 adiaphoris
1747 2698 1915 2785 sentiam,
1946 2723 1988 2770 ex
2011 2701 2113 2772 libris
2136 2705 2225 2776 meio

200 2799 318 2868 lendis
339 2799 566 2892 corruptelis,
597 2815 631 2872 et
644 2825 701 2870 me
719 2815 754 2870 et
769 2800 857 2870 alios
872 2801 1059 2882 accusatis,
1086 2803 1187 2895 quasi
1240 2808 1363 2866 nolum
1381 2795 1436 2868 sil·

199 2893 369 2970 hactenus
384 2903 602 2991 corruptelas
618 2903 662 2972 de
678 2903 829 2974 articulo
848 2901 1105 2972 iustificationis
1121 2905 1186 2972 do·
1341 2895 1443 2966 Hanc
1459 2899 1724 2988 responsionem
1741 2903 1785 2970 ad
1801 2914 1936 2973 vestros
1955 2904 2133 2992 articulos,
2160 2931 2225 2999 ego

199 3003 375 3074 cuerimus
389 3017 422 3072 et
437 3003 709 3078 defenderimus.
760 3001 839 3073 Hoc
853 3003 981 3073 falsum
998 3004 1131 3074 crimen
1148 3005 1184 3072 in
1238 2999 1382 3090 quidem
1404 2998 1523 3068 iudico
1544 3023 1691 3094 aequam
1712 3026 1804 3087 esse,
1834 3017 1870 3076 et
1885 3028 1948 3074 vos
1963 3029 2027 3074 oro
2043 3031 2121 3077 curn
2140 3033 2225 3099 pro-

197 3128 273 3190 me,
309 3099 1185 3200 etiuhasEcclesiasnequaquamconsertiv'olo.
1239 3114 1315 3190 Pter
1348 3101 1510 3191 pietatem
1541 3117 1712 3188 vestram,
1751 3117 1825 3174 tum
1860 3120 2004 3198 propter
2030 3109 2224 3180 amicitiam

198 3203 331 3276 Scribit
349 3202 494 3291 Gallus,
518 3205 660 3277 anobis
677 3219 877 3299 corruptam
897 3229 970 3275 esse
987 3207 1184 3278 doctrinam
1238 3215 1411 3285 nostram,
1451 3213 1587 3272 utnon
1611 3217 1682 3275 tam
1708 3205 1845 3276 duriter
1868 3231 2005 3277 mecum
2030 3211 2156 3298 agatis,
2191 3228 2226 3284 et

198 3307 242 3376 de
265 3307 501 3398 poenitentia,
529 3329 594 3380 nec
616 3309 703 3378 dicit
723 3309 803 3394 uhi,
825 3307 864 3377 in
880 3331 951 3402 quo
967 3307 1118 3400 scripto,
1145 3333 1184 3378 ac
1237 3315 1350 3374 vestra
1368 3304 1517 3376 consilis
1531 3306 1666 3396 potius,
1691 3331 1797 3399 quam
1812 3305 1977 3378 Flaciana
1992 3304 2030 3402 ²³)
2045 3313 2227 3404 sequami-

196 3431 243 3478 ne
258 3409 427 3500 suspicdri
446 3409 589 3502 quidem
605 3435 761 3502 possum,
787 3411 883 3481 unde
899 3423 1014 3480 sumat
1030 3411 1184 3482 occasio·
1237 3405 1286 3474 ¹¹5·
1340 3403 1487 3473 P⁰⁸⁵¹¹¹¹¹
1513 3405 1648 3492 (¹3⁰⁶st’
1677 3409 1773 3499 q¹¹⁰d
1791 3403 1986 3480 Aeschinss
2008 3413 2099 3484 dlxii
2114 3413 2226 3506 ἕμπὲ·

198 3531 280 3579 nem
298 3509 454 3599 fingendi
472 3505 577 3582 huius
593 3511 764 3586 criminis.
1235 3510 1394 3603 πλεγμαι
1418 3502 1458 3578 ἐν
1481 3503 1643 3604 πολιτείᾳ
1672 3503 1868 3604 ἀνθρώπῳ
1897 3504 2015 3610 γοήτι.
2084 3513 2224 3588 Videtis

297 3607 428 3684 Extant
450 3637 528 3682 mea
550 3609 695 3706 scripta,
713 3612 756 3684 'et
776 3613 920 3708 quidem
939 3633 1018 3684 mea
1034 3635 1183 3683 consue-
1235 3608 1343 3692 enim,
1371 3622 1544 3701 quantum
1561 3607 1608 3683 sit
1624 3610 1662 3680 in
1677 3612 1740 3682 illo
1755 3615 1923 3698 astutiae,
1949 3628 1984 3685 et
1999 3615 2224 3695 insidiarum.

197 3713 285 3783 tudo
301 3728 363 3798 est,
385 3729 530 3806 propter
544 3707 827 3798 adolescentiam,
847 3715 985 3786 easdem
999 3737 1056 3784 res
1070 3737 1182 3806 saepe,
1236 3705 1318 3776 ideo
1343 3705 1406 3777 has
1428 3711 1584 3782 actiones
1604 3725 1745 3799 metuo,
1775 3716 1834 3782 sed
1854 3737 1918 3784 oro
1934 3715 2049 3786 filium
2067 3715 2154 3806 Dei,
2182 3735 2226 3793 ut

93 3893 102 3908 ,
197 3825 232 3884 et
253 3837 344 3905 pene
366 3815 491 3884 iisdem
513 3817 630 3888 verbis
651 3831 828 3912 repetere,
863 3831 896 3888 et
917 3829 956 3888 ut
976 3815 1182 3910 illeinquit,
1236 3832 1300 3880 nos
1324 3811 1507 3900 gubernel.
1557 3811 1709 3890 22.lan.
1731 3809 1841 3888 1557.

196 3909 243 3986 cei
260 3911 357 3988 αὐτὰ
372 3911 453 4008 περὶ
467 3921 544 3990 τῶν
558 3913 685 3990 αὐτῶν
700 3921 833 3990 dicere:
867 3917 972 3990 Unde
988 3917 1180 4011 etquidem
1675 3909 1771 3994 Phil.
1787 3915 1874 3988 Mel.
1888 3941 1997 3990 mauu
2016 3921 2172 4016 proprie.

195 4017 383 4107 fastidiunt
391 4015 433 4116 ⁷),
461 4043 516 4086 me
533 4021 680 4088 eandem
696 4021 907 4092 cantilenam
922 4043 1057 4090 canere.
1091 4017 1180 4088 Pro-

195 4119 282 4188 ferri
297 4119 405 4210 igitur
421 4143 461 4190 ex
477 4121 565 4190 meis
579 4121 719 4219 seriptis
734 4134 795 4192 aut
808 4119 912 4192 dietis
927 4121 1020 4204 volo,
1046 4119 1074 4190 si
1091 4143 1179 4214 quae
1544 4153 1606 4172 -ν

194 4221 247 4291 ibi
277 4235 363 4292 sunt·
385 4223 615 4314 corruptelae.
684 4219 767 4294 Nou
787 4245 896 4314 parvo
919 4221 1041 4292 labore
1065 4221 1179 4291 evolvi

195 4323 401 4416 plaerasque
415 4324 589 4403 materias,
616 4347 655 4394 ex
672 4347 797 4416 inagna
814 4324 1021 4394 confusione
1037 4323 1179 4416 opinio.
1242 4315 1309 4390 No.
1323 4315 1435 4388 6168.
1589 4335 1593 4344 '
2066 4323 2125 4400 il.
2141 4327 2207 4397 les.

196 4443 303 4508 num,
337 4427 421 4494 inde
450 4449 562 4518 usque
584 4449 602 4494 a
627 4426 741 4517 prima
764 4425 981 4517 inspectione
1002 4421 1179 4496 Ecclesia·-
1233 4413 1441 4444 m
2049 4419 2222 4452 *Α*

194 4547 298 4609 rum,
323 4549 401 4596 cum
420 4528 524 4596 etiam
539 4527 578 4596 in
593 4551 650 4597 me
662 4529 885 4598 incurrerent
900 4520 1089 4602 Aureuset
1107 4527 1179 4612 alii,
1387 4516 1662 4606 Melanthos:
1689 4495 1757 4608 ali
1783 4519 1911 4610 Posi.
1944 4523 2061 4614 Sil-⁸⁴.

196 4626 259 4720 ‘1¹¹³
282 4627 474 4746 ⁶⁰⁰⁶b³¹¹ffe
507 4629 628 4746 omnia
652 4629 847 4698 ⁰⁸⁰²⁸⁸³¹⁵⁰
866 4623 966 4714 ’Μ’
992 4609 1179 4714 et'eleetos,
1298 4667 1378 4734 sati.
1402 4679 1430 4734 u
1453 4675 1538 4752 epm.
1561 4661 1757 4738 setinum.
1777 4681 1867 4738 uias.
1890 4711 1925 4728 -
1947 4677 2214 4746 tarsatiensem

195 4751 277 4797 eum
300 4742 413 4798 essent
435 4730 632 4814 iustificati,
658 4741 730 4799 hon
746 4731 815 4801 nisi
830 4723 857 4818 ⁸)
881 4730 972 4799 iusta
988 4731 1119 4813 facere,
1142 4741 1179 4800 et
1335 4750 1379 4806 tu.
1391 4749 1426 4803 tt.
1445 4765 1473 4820 ρ.
1489 4747 1549 4804 ees.
1562 4750 1633 4803 osto
1648 4747 1841 4806 acclinemus
1858 4751 2062 4826 Aeituettttpp.
2080 4757 2166 4827 pse
2189 4731 2223 4802 -ἰ

194 4830 491 4920 praedicationem
513 4831 751 4924 poenitentiae
774 4832 1003 4912 omittebant,
1037 4843 1071 4902 et
1096 4831 1179 4924 quia
1239 4849 1246 4856 '
1335 4817 2223 4964 ffiffiffiffiffifflffiffiffifflff‘ssfflffl:

1231 5021 1450 5047 Όᾷψιικ

229 5126 257 5194 e>
279 5125 457 5179 cremeram
475 5122 538 5178 coe.
553 5121 638 5177 oon.
656 5123 695 5176 is.
1265 5117 1294 5190 e>
1315 5108 1660 5188 ecrusmodrsoalnau'.
1679 5093 1751 5182 ti(
1838 5107 1852 5116 ”
2090 5172 2108 5196 .,

230 5213 258 5268 si
277 5213 470 5279 saracenica
487 5209 644 5264 wacon.
659 5209 702 5266 ts.
1268 5207 1311 5274 to)
1328 5207 1372 5264 uu
1391 5195 1555 5266 coenon:
1568 5211 1611 5267 ts.
1625 5220 1651 5264 a
1667 5207 1893 5284 potestasque.
2024 5266 2028 5281 ,
2071 5264 2075 5275 ,
2167 5245 2171 5254 .

229 5297 257 5358 6)
269 5296 401 5364 sorores]
420 5295 481 5349 l‘ez.
497 5303 522 5347 et
540 5293 650 5350 Bachm.
665 5311 720 5346 non
734 5292 843 5346 habent.
1023 5308 1026 5318 ·
1136 5314 1138 5323 ·
1267 5293 1311 5356 tt)
1330 5309 1379 5345 eos
1389 5297 1476 5346 simul
1487 5293 1551 5349 coel.
1563 5292 1645 5347 Goth.
1660 5291 1701 5348 19.
1915 5279 1917 5285 ,

175 5379 180 5398 ¹
229 5384 256 5449 7)
277 5381 363 5436 Peeel.
382 5381 490 5435 llaclrm.
505 5389 530 5432 el
546 5399 608 5451 epp.
622 5377 713 5433 Schol.
728 5377 873 5432 mendose:
895 5374 1089 5444 falsidicam.
1118 5367 1153 5426 τ’·
1198 5406 1199 5412 1
1267 5376 1310 5442 12)
1331 5377 1400 5432 esd.
1415 5378 1498 5435 Goth.
1514 5377 1556 5434 19.
1569 5393 1656 5432 unus·

227 5469 256 5539 8)
273 5485 331 5520 neco
343 5469 412 5534 nise]
428 5464 526 5520 excidit
540 5465 569 5517 in
585 5481 646 5536 epp.
663 5461 770 5528 schol-3
787 5460 1023 5528 Bambotum
1115 5486 1118 5497 ¹
1265 5446 1310 5532 ld)
1329 5459 1422 5520 t’seet:
1435 5449 1558 5520 Mic.
1611 5467 1647 5494 '⁸⁸'
1735 5467 1741 5478 “
