4708 6190
76 355 152 432 025
648 343 1084 428 autsToLtttttltt
1129 338 1244 424 'tt-tt
1271 341 1373 428 xm.
1428 341 1560 428 ΗΝ.
1764 341 1770 352 ’
2051 360 2127 442 826

74 527 143 600 No.
160 527 275 603 6761.
683 541 689 558 ¹
816 525 820 536 '
904 523 963 598 bt.
979 525 1065 592 ttae
1099 525 1204 622 tntu
1232 519 1385 592 desinas.
1435 519 1571 594 Natura
1597 524 1727 596 idonea
1760 541 1811 600 est
1840 553 1913 602 non
1939 531 2053 604 solnm
2078 539 2123 607 ad

82 617 255 654 *Ν
893 617 1065 648 m
1125 619 1220 691 hanc
1242 616 1421 692 scribendi
1443 624 1666 713 facultatem,
1698 629 1736 698 in
1765 655 1833 724 qua
1863 659 1959 728 nunc
1982 635 2124 708 iuvenis

368 727 464 812 mr,
495 725 775 814 Mopdem
1126 725 1284 805 excellit,
1317 727 1378 794 scd
1405 723 1513 798 stiam
1540 731 1586 800 ad
1609 731 1766 802 actiones
1792 733 1830 804 in
1863 738 2121 826 gubernatione

176 881 250 937 w
282 879 367 938 tbv
439 883 491 938 m
1126 827 1219 896 vitae
1238 827 1459 898 necessarias.
1517 828 1601 900 Non
1625 834 1752 904 desunt
1782 836 1815 904 ei
1839 839 2119 932 circumspectio,

199 897 262 957 ⁹¹⁸⁸
293 903 329 939 ¹·
370 903 424 955 'P‘
503 901 544 954 'q'
1124 929 1332 1014 consilium,
1380 930 1563 1021 diligentia
1599 945 1633 1004 et
1667 935 1823 1007 delectus
1865 939 1903 1008 in
1948 946 2116 1032 negociis.

69 1039 111 1114 U
117 1038 239 1114 iriae
264 1036 319 1114 M
327 1037 532 1123 cadisin,
562 1031 796 1113 Camiliario
823 1033 946 1108 Dacis
973 1033 1072 1114 dax.
1123 1029 1245 1118 Quare
1270 1031 1309 1100 in
1335 1031 1475 1104 ltaliam
1501 1035 1673 1127 proficisci
1697 1039 1846 1129 cogitat,
1887 1043 1950 1112 ubi
1975 1047 2017 1114 ad
2042 1047 2117 1117 elo-
2217 1127 2220 1136 Δ

512 1138 634 1220 Em
945 1187 948 1196 ,
1122 1133 1288 1226 quentiae
1303 1135 1485 1222 exercitia,
1517 1138 1605 1208 iuris
1628 1141 1826 1212 doctrinam
1849 1145 1979 1214 addere
1995 1149 2118 1220 decre-

1121 1235 1183 1305 vit.
1235 1233 1315 1306 Hoc
1335 1231 1524 1310 honestum
1550 1241 1738 1312 consilium
1756 1257 1795 1315 ut
1816 1245 1980 1334 adiuves,
2014 1252 2118 1322 valde

1120 1351 1154 1408 te
1169 1361 1244 1412 oro.
1295 1335 1385 1410 Nam
1404 1353 1436 1412 et
1452 1345 1637 1436 praecipue
1653 1369 1690 1413 se
1709 1341 1982 1419 Marchionibus
2003 1353 2115 1422 servi-

1120 1453 1241 1511 turum
1263 1463 1336 1510 esse
1358 1443 1547 1534 promittit.
1595 1441 1644 1517 Et
1663 1448 1764 1518 vides
1779 1451 1815 1517 in
1833 1443 1889 1520 his
1906 1453 2114 1524 mutationi-

1119 1544 1187 1612 bus
1205 1567 1343 1624 rerum,
1378 1569 1451 1614 non
1469 1547 1585 1617 solum
1600 1572 1689 1638 opus
1705 1573 1779 1620 esse
1793 1551 2005 1642 ingeniosis,
2030 1581 2113 1627 eru·

1118 1645 1205 1715 ditis
1220 1643 1391 1727 ethonis,
1418 1652 1478 1718 sed
1495 1649 1600 1720 etiam
1616 1651 1741 1722 talium
1757 1655 2026 1743 coniunctione,
2051 1661 2115 1730 ad·

1118 1771 1241 1820 versus
1255 1749 1426 1820 furiosam
1441 1752 1662 1840 barbariem,
1694 1779 1784 1850 quae
1798 1751 1974 1826 Ecclesias
1997 1775 2030 1830 et
2045 1759 2113 1830 im-

1117 1849 1214 1940 peria
1232 1851 1377 1920 turbare
1393 1867 1552 1925 conatur.
1604 1855 1674 1927 Sed
1691 1881 1816 1950 precor
1828 1857 1940 1928 lilium
1953 1857 2021 1930 Dei
2037 1859 2114 1934 Do·

1118 1951 1256 2022 minum
1279 1967 1442 2026 nostrum
1465 1953 1582 2028 lesum
1606 1953 1812 2046 Christum,
1844 1974 1883 2030 ut
1905 1984 1972 2030 nos
1990 1989 2114 2036 omnes

67 1281 119 1370 S.
146 1291 192 1365 D.
251 1289 455 1364 Clarissime
489 1291 564 1382 vir,
604 1305 639 1364 et
666 1291 821 1366 Patrone
853 1285 1070 1364 charissime.

69 1395 166 1468 Heri
182 1395 249 1486 legi
262 1397 305 1464 'in
319 1391 543 1486 Nicephoro,
577 1419 696 1488 gerere
720 1393 950 1486 Magistratus
971 1391 1070 1463 Poli-

69 1500 166 1572 ticos
182 1511 215 1568 et
230 1495 338 1570 simul
353 1497 455 1588 iungi
472 1498 690 1584 sacerdotio,
718 1513 768 1568 est
785 1495 1001 1588 coniungere
1018 1519 1070 1578 ca,

70 1626 165 1696 quae
181 1599 349 1689 coniungi
373 1625 447 1669 non
466 1613 632 1694 possunt,
664 1593 855 1694 πολιτικὴν
878 1593 999 1694 ἀρχὴν
1022 1601 1069 1690 τῇ

69 1696 248 1798 ἱεροσύνῃ
267 1693 480 1788 συνάπτειν,
503 1695 740 1802 συγκλώθειν
752 1700 854 1774 ἔστιν
874 1693 1069 1800 ἇσύγκλω-

71 1827 156 1879 στα.
214 1801 318 1874 Talia
346 1803 457 1875 multa
485 1805 523 1874 in
552 1805 731 1878 veteribus
755 1803 944 1894 leguntur,
978 1825 1068 1896 quae

70 1909 288 1987 ostendunt,
314 1921 349 1978 et
361 1919 490 1978 tentata
506 1931 580 1978 esse
594 1903 743 1976 Politica
760 1905 904 1996 negocia
921 1905 966 1974 ab
979 1899 1068 1996 Epi-

69 2007 190 2102 scopis
216 2033 336 2100 saepe,
376 2021 411 2079 et
437 2005 686 2102 reprehensam
714 2031 833 2078 essea
866 2007 1068 2076 sanioribus
1116 2055 1338 2143 gubernem
1355 2073 1454 2148 prote
1477 2073 1524 2130 at·
1573 2057 1671 2132 Bene
1694 2061 1783 2133 vale·
1832 2061 1905 2134 Die
1927 2061 1988 2138 28·
2006 2063 2109 2142 Maii.

71 2135 200 2179 corum
224 2103 605 2206 πολυπραγμοσύνην.
671 2105 855 2179 Pertexam
881 2133 939 2196 ea,
977 2131 1068 2203 quae
1116 2153 1344 2228 Ann⁰1559
1455 2081 1477 2150 Β

69 2211 118 2278 de
133 2205 241 2282 Rom.
257 2203 435 2300 Episcopo
454 2211 604 2286 institui.
653 2209 745 2282 Nam
772 2205 1067 2282 hactenusmulta
1346 2209 1356 2232 ⁸

71 2311 328 2400 impedimenta
355 2310 570 2384 inciderunt.
621 2309 738 2384 Amici
759 2313 980 2406 captivorum
1005 2339 1066 2405 pe·

68 2412 249 2496 tiuecunt,
283 2425 323 2482 ut
347 2413 498 2482 scribam
520 2417 566 2484 ad
580 2404 783 2488 Palatinum
806 2411 919 2490 Elect.
970 2411 1067 2485 Deus

68 2515 247 2602 gubernet
263 2528 296 2584 et
312 2525 471 2606 protegat
488 2540 563 2586 nos.
1126 2555 1192 2633 No·
1210 2557 1323 2633 6753·

1215 2398 1243 2407 ο-
1264 2399 1268 2404 .
1286 2399 1290 2404 ι
1305 2397 2102 2419 uon—”mmm

174 2605 229 2684 De
245 2616 351 2686 rebus
365 2611 526 2687 Tuccieis
541 2620 713 2712 quaedam
729 2629 920 2688 narrantur
934 2615 973 2686 in
991 2615 1066 2710 epi·
1123 2655 1337 2695 m
1939 2573 2109 2696 Q

65 2715 161 2788 stola
184 2711 425 2810 Sigismundi
450 2709 576 2804 Gelai,
615 2723 677 2790 sed
706 2719 848 2792 Boicmi
876 2719 971 2812 apud
1001 2743 1066 2788 nos
1380 2757 1517 2848 [mh
1566 2763 1834 2854 camerario

65 2828 283 2903 narrarunt,
305 2821 451 2891 triennii
466 2821 627 2897 inducias
642 2848 714 2894 esse
731 2848 811 2894 cum
827 2821 966 2894 Tuscis.
1010 2817 1065 2890 De
1521 2824 1532 2849 ⁶
1835 2831 1846 2852 ·

65 2925 243 3012 adparatu
268 2917 467 2992 Holsaticu
491 2948 553 2992 vos
578 2925 759 3012 existimo,
792 2925 941 2994 certiora
965 2923 1064 2992 scire.
1183 2937 1270 3012 Epist.
1286 2941 1319 2996 sd
1336 2941 1478 2999 earnem
1496 2961 1526 3016 p.
1538 2945 1599 3003 7⁵1.
1616 2945 1670 3014 tut.
1684 2944 1774 3004 bona
1795 2945 1843 3006 tib.
1858 2947 1906 3006 tv,
1924 2967 1968 3024 sp.
1980 2949 2067 3021 θοι).

65 3021 140 3095 Sed
160 3047 200 3092 ex
218 3023 297 3094 aula
315 3023 447 3094 Danico
462 3027 650 3110 scribitur,
683 3027 816 3097 bellum
836 3025 954 3117 parari
976 3050 1060 3095 con·
1221 3096 1229 3114 ‚
1276 3099 1283 3116 ‚
1396 3101 1404 3120 ι
1569 3101 1607 3121 Η
1780 3105 1789 3126 ⁰
2104 3111 2112 3126 ·

65 3139 124 3196 pm
141 3119 374 3202 Damam&
424 3125 524 3198 Bene
542 3129 665 3198 valete·
715 3123 858 3202 [Μὰ
876 3125 977 3201 Maii·
1115 3087 1341 3172 Clarissimo
1366 3128 1445 3174 uero
1468 3097 1673 3177 eruditione
1693 3117 1725 3180 et
1750 3117 1880 3182 uirtute
1898 3118 2110 3209 praestante

1140 3191 1167 3268 I
1175 3197 1387 3276 oachimo
1418 3197 1694 3280 Camerario
1711 3209 1840 3310 fratri
1857 3235 1927 3284 suo
1953 3211 2085 3288 cariss.

575 3310 766 3408 phillipus
786 3309 1013 3390 M‘lffllhffl'·
1114 3335 1164 3422 S·
1190 3347 1236 3420 D.
1290 3347 1530 3448 Sigismundi
1553 3349 1666 3426 Geloi
1684 3357 1870 3449 epistolam
1899 3374 1979 3452 post
2007 3377 2109 3433 tuum

1114 3453 1182 3538 iter
1196 3454 1358 3538 allatam,
1389 3458 1457 3528 tibi
1477 3459 1600 3544 mitto,
1631 3461 1715 3552 quia
1740 3461 1928 3532 lectionem
1951 3463 2026 3534 eius
2042 3463 2109 3533 tibi

1115 3553 1235 3622 minus
1258 3555 1442 3628 insuavem
1470 3559 1547 3628 lore
1570 3561 1791 3649 cogitabam,
1824 3587 1931 3655 quam
1953 3565 2107 3634 aliorum

1020 3728 1039 3746 ..
1113 3655 1326 3745 scriptorum
1342 3655 1431 3732 νυνὶ
1454 3654 1765 3747 ἐπιπολαζόντων.
1815 3659 2029 3734 Demetrius
2044 3667 2107 3760 qui

83 3717 273 3794 Nolim.
881 3723 1054 3846 Q
1113 3757 1231 3826 attulit
1260 3781 1357 3842 eam,
1400 3761 1557 3832 triennio
1590 3763 1658 3833 luit
1678 3761 1862 3836 Diaconus
1887 3766 1925 3834 in
1947 3761 2107 3836 Ecclesia

659 3925 668 3945 ,
1114 3855 1296 3954 Byzantii,
1328 3875 1368 3932 ut
1398 3877 1519 3935 narrat
1533 3861 1581 3960 *).
1637 3863 1710 3936 Nec
1740 3866 1906 3940 indoctus
1928 3881 1999 3956 cst,
2040 3892 2106 3939 nec

384 3925 463 4012 Th.
489 3925 737 4012 Maniliae·
1113 3959 1235 4036 sutilis.
1292 3961 1493 4048 Hortabor,
1526 3979 1567 4038 ut
1587 3992 1666 4038 cum
1687 3967 1843 4060 primum
1865 3971 1941 4040 lieri
1963 3973 2107 4066 poterit,

136 4100 215 4157 mu
229 4101 258 4158 ὴ
272 4100 413 4159 moueri
427 4100 616 4176 Pomm,
642 4099 694 4172 tp.
707 4099 735 4174 Ι,
759 4099 802 4158 ¹3·
822 4101 943 4168 ww
1113 4064 1155 4132 ad
1176 4076 1211 4134 te
1231 4087 1377 4182 guoque
1399 4070 1577 4188 accedat-n
1601 4067 1688 4186 lleri
1711 4065 1781 4188 hue
1802 4073 1918 4189 aripa
1932 4071 2035 4145 Salac
2048 4069 2105 4192 *Ἴ

1112 4166 1256 4236 advenit
1271 4191 1379 4256 gener
1398 4171 1518 4242 fratris
1532 4163 1748 4260 hrancsscs,
1782 4199 1838 4244 urr
1862 4179 2005 4262 doctus,
2039 4201 2101 4269 qur

62 4255 270 4361 Philippus
301 4251 536 4334 Melanthea
569 4253 775 4330 Thomas
807 4253 1062 4336 Matthiae
1113 4267 1223 4336 lector
1248 4269 1297 4338 ibi
1321 4271 1359 4339 in
1384 4269 1574 4342 Academia
1601 4275 1680 4348 luit.
1732 4275 1802 4347 Secl
1826 4277 1987 4368 adempta
2003 4291 2054 4346 est
2069 4277 2101 4345 ei

483 4361 522 4438 S.
544 4359 585 4438 P.
608 4361 654 4434 D.
1112 4368 1226 4442 lectio.
1278 4368 1379 4442 Nihil
1401 4375 1445 4444 de
1468 4369 1523 4444 his
1546 4375 1690 4468 ineptiis
1705 4379 1857 4448 scribere
1878 4375 1986 4460 libet,
2018 4379 2101 4472 qnia

1111 4465 1196 4539 hacc
1225 4485 1276 4544 est
1298 4468 1427 4570 apulea]
1456 4469 1644 4571 σύῤῥαξις,
1686 4505 1792 4574 quarm
1812 4493 2007 4574 sequcntur
2032 4480 2103 4550 alia

62 4503 278 4590 Clarissime
291 4514 349 4586 uir
364 4527 399 4585 et
413 4511 591 4583 carissime
606 4511 736 4583 irater!
791 4509 865 4603 Qui
886 4517 985 4606 mvi
1000 4519 1060 4590 iu·
1169 4571 1178 4588 .

60 4616 456 4706 dicioamiooselignnt
476 4613 672 4686 etvirtutis
692 4617 1060 4692 causaanrieitiasco-
1110 4595 1255 4690 ΜΨ·
1307 4571 1387 4647 0⁸⁰
1410 4581 1653 4652 memmium
1674 4577 1759 4664 Dei,
1795 4595 1835 4652 ¹¹²
1855 4575 2102 4653 “lllhl‘llm‘

61 4725 160 4806 lum,
193 4717 501 4792 mmmmm
524 4717 758 4795 audentem,
791 4739 883 4812 quos
904 4721 1056 4814 amplexi
1110 4676 1489 4804 nestsssimaelconiugi
1515 4695 1594 4802 tuae
1622 4683 1713 4752 vires
1734 4681 1873 4754 animae
1895 4685 2101 4778 etcorporis

61 4793 171 4898 suns(
211 4822 338 4894 Talem
364 4835 397 4890 te
423 4842 514 4904 esse,
546 4819 651 4888 etiam
667 4817 704 4886 in
719 4821 872 4912 quadarn
895 4845 1056 4896 meorum
1108 4777 1304 4850 ⁶⁰¹¹fi¹¹¹¹²l⁹
1357 4779 1475 4870 Qum
1501 4807 1654 4875 ΡΠῐῃιῃῃ
1678 4799 1821 4876 l’0l0‘0s
1855 4785 1899 4856 ad
1923 4799 2101 4858 lemur·

64 4943 263 5018 temporum
300 4925 484 5006 varietate,
525 4937 689 5012 expertus
721 4943 818 5006 sum,
851 4923 988 5018 tibique
1021 4941 1056 4997 et
1107 4901 1243 4960 ''enm‘’
1275 4876 1947 4980 ublss‘nffl'm‘mlml‘lllll‘fsnm·
1998 4885 2100 4960 3⁸⁰²

61 5030 173 5100 debeo
191 5043 225 5099 et
242 5023 355 5096 habeo
370 5025 538 5114 gratiam,
568 5025 665 5116 quod
690 5047 746 5093 me
767 5045 870 5116 saepe
884 5029 1054 5098 adversus
1107 4977 1205 5068 ’κῆρ’
1237 4985 1295 5054 ‘¹¹‘
1310 4983 1372 5060 ²9·
1388 4983 1490 5060 ΜΝ·
1785 5083 1790 5093 ,

59 5127 295 5228 sycophantas
318 5129 415 5218 legis.
474 5125 597 5196 ludica
617 5125 722 5195 etiarn
747 5129 911 5216 prodesse
927 5123 1054 5200 Eccle-
1844 5135 2046 5236 Philippu„

58 5237 148 5318 siae,
180 5231 381 5304 firmitatem
403 5251 594 5300 consensus
618 5241 649 5298 et
671 5227 847 5298 amicitiae
870 5229 907 5298 in
929 5230 972 5298 iis
988 5233 1052 5326 qui

57 5351 152 5408 recte
174 5334 344 5406 senatum.
394 5329 486 5400 Cum
515 5331 623 5422 igitur
646 5322 884 5399 Schusserum
910 5330 1050 5424 optimo

54 5439 208 5522 iudicio,
242 5445 386 5530 psopter
401 5431 512 5526 ipsius
529 5432 729 5524 ingenium,
761 5433 999 5504 eruditionem
1015 5451 1051 5509 ct

50 5539 222 5616 tunm
234 5561 351 5612 mores
365 5535 568 5630 complexus
582 5537 648 5621 sit,
680 5559 745 5606 oro
761 5548 803 5608 ut
820 5559 903 5610 eum
916 5559 1048 5610 cruere

1109 5311 1325 5330 m

1135 5413 1169 5478 η
1190 5411 1252 5468 vid.
1273 5430 1317 5484 ep.
1334 5411 1395 5470 dies
1410 5411 1507 5490 septb.
1525 5413 1554 5474 b.
1571 5433 1597 5472 a.

1135 5493 1186 5564 ”l
1205 5493 1278 5552 leae.
